1714240582.533947 [{'ts': '1714240580832', 'price': '63555.9', 'size': '0.021', 'side': 'sell', 'tradeId': '1168175153146998785'}, {'ts': '1714240580294', 'price': '63560.5', 'size': '0.174', 'side': 'buy', 'tradeId': '1168175150890463241'}, {'ts': '1714240580294', 'price': '63559.1', 'size': '0.123', 'side': 'buy', 'tradeId': '1168175150890463239'}, {'ts': '1714240580294', 'price': '63557.8', 'size': '0.073', 'side': 'buy', 'tradeId': '1168175150890463237'}, {'ts': '1714240580294', 'price': '63557.3', 'size': '0.070', 'side': 'buy', 'tradeId': '1168175150890463235'}, {'ts': '1714240580294', 'price': '63557.3', 'size': '0.060', 'side': 'buy', 'tradeId': '1168175150890463233'}, {'ts': '1714240579936', 'price': '63555.8', 'size': '0.100', 'side': 'sell', 'tradeId': '1168175149388902401'}, {'ts': '1714240579719', 'price': '63554.0', 'size': '0.052', 'side': 'sell', 'tradeId': '1168175148478738433'}, {'ts': '1714240579683', 'price': '63551.5', 'size': '0.001', 'side': 'sell', 'tradeId': '1168175148327743489'}, {'ts': '1714240579594', 'price': '63547.6', 'size': '0.156', 'side': 'buy', 'tradeId': '1168175147954450434'}, {'ts': '1714240578676', 'price': '63542.9', 'size': '0.002', 'side': 'buy', 'tradeId': '1168175144104079364'}, {'ts': '1714240578676', 'price': '63542.9', 'size': '0.059', 'side': 'buy', 'tradeId': '1168175144104079361'}, {'ts': '1714240578296', 'price': '63543.8', 'size': '0.018', 'side': 'buy', 'tradeId': '1168175142510243866'}, {'ts': '1714240578246', 'price': '63543.8', 'size': '0.027', 'side': 'buy', 'tradeId': '1168175142300528641'}, {'ts': '1714240577653', 'price': '63541.2', 'size': '0.031', 'side': 'sell', 'tradeId': '1168175139813306369'}, {'ts': '1714240577638', 'price': '63541.2', 'size': '0.014', 'side': 'sell', 'tradeId': '1168175139750391809'}, {'ts': '1714240577301', 'price': '63542.8', 'size': '0.186', 'side': 'sell', 'tradeId': '1168175138336911362'}, {'ts': '1714240576536', 'price': '63530.4', 'size': '0.043', 'side': 'buy', 'tradeId': '1168175135128268804'}, {'ts': '1714240576290', 'price': '63530.3', 'size': '0.061', 'side': 'sell', 'tradeId': '1168175134096470019'}, {'ts': '1714240576290', 'price': '63535.6', 'size': '0.031', 'side': 'sell', 'tradeId': '1168175134096470017'}, {'ts': '1714240576037', 'price': '63542.3', 'size': '0.005', 'side': 'buy', 'tradeId': '1168175133035311107'}, {'ts': '1714240576033', 'price': '63540.2', 'size': '0.008', 'side': 'sell', 'tradeId': '1168175133018533889'}, {'ts': '1714240575902', 'price': '63542.3', 'size': '0.003', 'side': 'buy', 'tradeId': '1168175132469080065'}, {'ts': '1714240575677', 'price': '63546.9', 'size': '0.005', 'side': 'buy', 'tradeId': '1168175131525361664'}, {'ts': '1714240575644', 'price': '63547.6', 'size': '0.005', 'side': 'buy', 'tradeId': '1168175131386949633'}, {'ts': '1714240575020', 'price': '63547.5', 'size': '0.003', 'side': 'sell', 'tradeId': '1168175128769703938'}, {'ts': '1714240574940', 'price': '63547.6', 'size': '0.007', 'side': 'buy', 'tradeId': '1168175128434159617'}, {'ts': '1714240574906', 'price': '63547.5', 'size': '0.100', 'side': 'sell', 'tradeId': '1168175128291553281'}, {'ts': '1714240574813', 'price': '63546.4', 'size': '0.006', 'side': 'sell', 'tradeId': '1168175127901483009'}, {'ts': '1714240574679', 'price': '63547.5', 'size': '0.111', 'side': 'sell', 'tradeId': '1168175127339446272'}, {'ts': '1714240574239', 'price': '63545.1', 'size': '0.029', 'side': 'sell', 'tradeId': '1168175125493952513'}, {'ts': '1714240573929', 'price': '63541.4', 'size': '0.026', 'side': 'buy', 'tradeId': '1168175124193718273'}, {'ts': '1714240573834', 'price': '63541.3', 'size': '0.002', 'side': 'sell', 'tradeId': '1168175123795259393'}, {'ts': '1714240573813', 'price': '63541.3', 'size': '0.093', 'side': 'sell', 'tradeId': '1168175123707179009'}, {'ts': '1714240573642', 'price': '63536.1', 'size': '0.002', 'side': 'sell', 'tradeId': '1168175122989953025'}, {'ts': '1714240573561', 'price': '63541.4', 'size': '32.931', 'side': 'buy', 'tradeId': '1168175122650214401'}, {'ts': '1714240573374', 'price': '63532.2', 'size': '0.001', 'side': 'sell', 'tradeId': '1168175121865879576'}, {'ts': '1714240573304', 'price': '63530.2', 'size': '0.040', 'side': 'sell', 'tradeId': '1168175121572278273'}, {'ts': '1714240573020', 'price': '63526.2', 'size': '0.066', 'side': 'sell', 'tradeId': '1168175120381095937'}, {'ts': '1714240572748', 'price': '63522.8', 'size': '0.005', 'side': 'buy', 'tradeId': '1168175119240245249'}, {'ts': '1714240572723', 'price': '63522.8', 'size': '0.005', 'side': 'buy', 'tradeId': '1168175119135387649'}, {'ts': '1714240572561', 'price': '63522.8', 'size': '0.265', 'side': 'buy', 'tradeId': '1168175118455910401'}, {'ts': '1714240572527', 'price': '63522.7', 'size': '0.001', 'side': 'sell', 'tradeId': '1168175118313304065'}, {'ts': '1714240572474', 'price': '63522.7', 'size': '0.017', 'side': 'sell', 'tradeId': '1168175118091005953'}, {'ts': '1714240572148', 'price': '63515.3', 'size': '0.125', 'side': 'sell', 'tradeId': '1168175116723662849'}, {'ts': '1714240572029', 'price': '63512.7', 'size': '0.080', 'side': 'sell', 'tradeId': '1168175116224540673'}, {'ts': '1714240571985', 'price': '63512.7', 'size': '0.002', 'side': 'sell', 'tradeId': '1168175116039991297'}, {'ts': '1714240571891', 'price': '63512.8', 'size': '0.223', 'side': 'buy', 'tradeId': '1168175115645726723'}, {'ts': '1714240571868', 'price': '63507.1', 'size': '0.374', 'side': 'sell', 'tradeId': '1168175115549257743'}, {'ts': '1714240571868', 'price': '63507.2', 'size': '0.001', 'side': 'sell', 'tradeId': '1168175115549257741'}, {'ts': '1714240571868', 'price': '63507.2', 'size': '0.021', 'side': 'sell', 'tradeId': '1168175115549257739'}, {'ts': '1714240571868', 'price': '63509.6', 'size': '0.043', 'side': 'sell', 'tradeId': '1168175115549257737'}, {'ts': '1714240571868', 'price': '63509.6', 'size': '0.043', 'side': 'sell', 'tradeId': '1168175115549257735'}, {'ts': '1714240571868', 'price': '63509.6', 'size': '0.060', 'side': 'sell', 'tradeId': '1168175115549257732'}, {'ts': '1714240571868', 'price': '63509.6', 'size': '0.070', 'side': 'sell', 'tradeId': '1168175115549257729'}, {'ts': '1714240571587', 'price': '63507.1', 'size': '0.011', 'side': 'sell', 'tradeId': '1168175114370658306'}, {'ts': '1714240571467', 'price': '63507.1', 'size': '0.002', 'side': 'sell', 'tradeId': '1168175113867341827'}, {'ts': '1714240571363', 'price': '63501.5', 'size': '0.093', 'side': 'buy', 'tradeId': '1168175113431134211'}, {'ts': '1714240571249', 'price': '63499.1', 'size': '0.008', 'side': 'sell', 'tradeId': '1168175112952983553'}, {'ts': '1714240571148', 'price': '63493.5', 'size': '0.007', 'side': 'sell', 'tradeId': '1168175112529358853'}, {'ts': '1714240571148', 'price': '63493.6', 'size': '0.041', 'side': 'sell', 'tradeId': '1168175112529358851'}, {'ts': '1714240571148', 'price': '63493.6', 'size': '0.002', 'side': 'sell', 'tradeId': '1168175112529358849'}, {'ts': '1714240570880', 'price': '63493.5', 'size': '0.315', 'side': 'sell', 'tradeId': '1168175111405285381'}, {'ts': '1714240570880', 'price': '63493.6', 'size': '0.011', 'side': 'sell', 'tradeId': '1168175111405285379'}, {'ts': '1714240570880', 'price': '63493.9', 'size': '0.003', 'side': 'sell', 'tradeId': '1168175111405285377'}, {'ts': '1714240570878', 'price': '63499.2', 'size': '0.001', 'side': 'buy', 'tradeId': '1168175111396896769'}, {'ts': '1714240570650', 'price': '63493.5', 'size': '3.438', 'side': 'sell', 'tradeId': '1168175110440595459'}, {'ts': '1714240570650', 'price': '63493.9', 'size': '0.098', 'side': 'sell', 'tradeId': '1168175110440595457'}, {'ts': '1714240570614', 'price': '63493.9', 'size': '0.015', 'side': 'sell', 'tradeId': '1168175110289600515'}, {'ts': '1714240570528', 'price': '63499.2', 'size': '0.011', 'side': 'buy', 'tradeId': '1168175109928890373'}, {'ts': '1714240570528', 'price': '63499.1', 'size': '0.003', 'side': 'buy', 'tradeId': '1168175109928890370'}, {'ts': '1714240570372', 'price': '63493.9', 'size': '0.010', 'side': 'sell', 'tradeId': '1168175109274578945'}, {'ts': '1714240570242', 'price': '63493.5', 'size': '0.004', 'side': 'sell', 'tradeId': '1168175108729319425'}, {'ts': '1714240570236', 'price': '63493.5', 'size': '0.059', 'side': 'sell', 'tradeId': '1168175108704153602'}, {'ts': '1714240569363', 'price': '63501.5', 'size': '0.001', 'side': 'buy', 'tradeId': '1168175105042526209'}, {'ts': '1714240569234', 'price': '63497.2', 'size': '0.590', 'side': 'buy', 'tradeId': '1168175104501460995'}, {'ts': '1714240569168', 'price': '63496.6', 'size': '0.054', 'side': 'buy', 'tradeId': '1168175104224636929'}, {'ts': '1714240569130', 'price': '63496.6', 'size': '0.005', 'side': 'buy', 'tradeId': '1168175104065253378'}, {'ts': '1714240569090', 'price': '63496.6', 'size': '0.003', 'side': 'buy', 'tradeId': '1168175103897481218'}, {'ts': '1714240569090', 'price': '63493.2', 'size': '0.002', 'side': 'buy', 'tradeId': '1168175103897481216'}, {'ts': '1714240569005', 'price': '63490.9', 'size': '0.651', 'side': 'sell', 'tradeId': '1168175103540965405'}, {'ts': '1714240569005', 'price': '63491.5', 'size': '0.005', 'side': 'sell', 'tradeId': '1168175103540965403'}, {'ts': '1714240569005', 'price': '63493.1', 'size': '0.280', 'side': 'sell', 'tradeId': '1168175103540965401'}, {'ts': '1714240569005', 'price': '63493.1', 'size': '0.124', 'side': 'sell', 'tradeId': '1168175103540965398'}, {'ts': '1714240568855', 'price': '63493.1', 'size': '0.005', 'side': 'sell', 'tradeId': '1168175102911819777'}, {'ts': '1714240568853', 'price': '63493.1', 'size': '0.003', 'side': 'sell', 'tradeId': '1168175102903431169'}, {'ts': '1714240568695', 'price': '63493.1', 'size': '0.200', 'side': 'sell', 'tradeId': '1168175102240731137'}, {'ts': '1714240568149', 'price': '63493.1', 'size': '0.153', 'side': 'sell', 'tradeId': '1168175099950641154'}, {'ts': '1714240568098', 'price': '63493.1', 'size': '0.236', 'side': 'sell', 'tradeId': '1168175099736731649'}, {'ts': '1714240568073', 'price': '63493.1', 'size': '0.036', 'side': 'sell', 'tradeId': '1168175099631874049'}, {'ts': '1714240568054', 'price': '63500.0', 'size': '1.239', 'side': 'sell', 'tradeId': '1168175099552182363'}, {'ts': '1714240568054', 'price': '63500.0', 'size': '0.005', 'side': 'sell', 'tradeId': '1168175099552182361'}, {'ts': '1714240568054', 'price': '63500.0', 'size': '0.001', 'side': 'sell', 'tradeId': '1168175099552182359'}, {'ts': '1714240568054', 'price': '63500.0', 'size': '0.039', 'side': 'sell', 'tradeId': '1168175099552182357'}, {'ts': '1714240568054', 'price': '63501.0', 'size': '0.841', 'side': 'sell', 'tradeId': '1168175099552182355'}, {'ts': '1714240568054', 'price': '63501.0', 'size': '3.012', 'side': 'sell', 'tradeId': '1168175099552182352'}, {'ts': '1714240568054', 'price': '63501.0', 'size': '3.048', 'side': 'sell', 'tradeId': '1168175099552182349'}, {'ts': '1714240568054', 'price': '63501.0', 'size': '3.042', 'side': 'sell', 'tradeId': '1168175099552182345'}, {'ts': '1714240568043', 'price': '63501.5', 'size': '0.020', 'side': 'buy', 'tradeId': '1168175099506044929'}, {'ts': '1714240568016', 'price': '63502.8', 'size': '0.001', 'side': 'buy', 'tradeId': '1168175099392798721'}, {'ts': '1714240567844', 'price': '63507.1', 'size': '0.003', 'side': 'buy', 'tradeId': '1168175098671378433'}, {'ts': '1714240567761', 'price': '63508.9', 'size': '0.045', 'side': 'sell', 'tradeId': '1168175098323251203'}, {'ts': '1714240567653', 'price': '63510.0', 'size': '1.566', 'side': 'sell', 'tradeId': '1168175097870266372'}, {'ts': '1714240567517', 'price': '63510.1', 'size': '0.023', 'side': 'buy', 'tradeId': '1168175097299841025'}, {'ts': '1714240567116', 'price': '63512.7', 'size': '0.017', 'side': 'buy', 'tradeId': '1168175095617925121'}, {'ts': '1714240567089', 'price': '63512.7', 'size': '0.024', 'side': 'buy', 'tradeId': '1168175095504678915'}, {'ts': '1714240567089', 'price': '63510.1', 'size': '0.061', 'side': 'buy', 'tradeId': '1168175095504678913'}, {'ts': '1714240566136', 'price': '63510.0', 'size': '0.036', 'side': 'sell', 'tradeId': '1168175091507507201'}, {'ts': '1714240565821', 'price': '63510.0', 'size': '1.943', 'side': 'sell', 'tradeId': '1168175090186301441'}, {'ts': '1714240565599', 'price': '63522.8', 'size': '0.005', 'side': 'buy', 'tradeId': '1168175089255165954'}, {'ts': '1714240565567', 'price': '63522.8', 'size': '0.005', 'side': 'buy', 'tradeId': '1168175089120948225'}, {'ts': '1714240565323', 'price': '63544.8', 'size': '0.590', 'side': 'sell', 'tradeId': '1168175088097538049'}, {'ts': '1714240564820', 'price': '63547.6', 'size': '0.056', 'side': 'sell', 'tradeId': '1168175085987803137'}, {'ts': '1714240564584', 'price': '63547.6', 'size': '0.046', 'side': 'sell', 'tradeId': '1168175084997947397'}, {'ts': '1714240564584', 'price': '63547.6', 'size': '0.004', 'side': 'sell', 'tradeId': '1168175084997947395'}, {'ts': '1714240564584', 'price': '63547.6', 'size': '0.050', 'side': 'sell', 'tradeId': '1168175084997947393'}, {'ts': '1714240564549', 'price': '63553.3', 'size': '0.024', 'side': 'buy', 'tradeId': '1168175084851146753'}, {'ts': '1714240563752', 'price': '63547.6', 'size': '0.002', 'side': 'sell', 'tradeId': '1168175081508286465'}, {'ts': '1714240563598', 'price': '63547.6', 'size': '0.010', 'side': 'sell', 'tradeId': '1168175080862363649'}, {'ts': '1714240563472', 'price': '63547.6', 'size': '0.018', 'side': 'sell', 'tradeId': '1168175080333881345'}, {'ts': '1714240563380', 'price': '63552.5', 'size': '0.032', 'side': 'buy', 'tradeId': '1168175079948005377'}, {'ts': '1714240562984', 'price': '63552.4', 'size': '0.013', 'side': 'sell', 'tradeId': '1168175078287060993'}, {'ts': '1714240562773', 'price': '63552.4', 'size': '0.007', 'side': 'sell', 'tradeId': '1168175077402062849'}, {'ts': '1714240562588', 'price': '63552.0', 'size': '0.032', 'side': 'sell', 'tradeId': '1168175076626116609'}, {'ts': '1714240562576', 'price': '63551.9', 'size': '0.001', 'side': 'buy', 'tradeId': '1168175076575784965'}, {'ts': '1714240562576', 'price': '63551.7', 'size': '0.156', 'side': 'buy', 'tradeId': '1168175076575784963'}, {'ts': '1714240562541', 'price': '63551.7', 'size': '0.005', 'side': 'buy', 'tradeId': '1168175076428984321'}, {'ts': '1714240562498', 'price': '63551.7', 'size': '0.005', 'side': 'buy', 'tradeId': '1168175076248629249'}, {'ts': '1714240562483', 'price': '63550.4', 'size': '43.911', 'side': 'sell', 'tradeId': '1168175076185714689'}, {'ts': '1714240562477', 'price': '63550.0', 'size': '0.786', 'side': 'buy', 'tradeId': '1168175076160548871'}, {'ts': '1714240562477', 'price': '63546.2', 'size': '0.267', 'side': 'buy', 'tradeId': '1168175076160548869'}, {'ts': '1714240562477', 'price': '63546.1', 'size': '0.547', 'side': 'buy', 'tradeId': '1168175076160548867'}, {'ts': '1714240562473', 'price': '63546.1', 'size': '0.017', 'side': 'buy', 'tradeId': '1168175076143771649'}, {'ts': '1714240561941', 'price': '63546.0', 'size': '0.058', 'side': 'sell', 'tradeId': '1168175073912401921'}, {'ts': '1714240561452', 'price': '63546.1', 'size': '0.013', 'side': 'buy', 'tradeId': '1168175071861387265'}, {'ts': '1714240561263', 'price': '63546.0', 'size': '0.010', 'side': 'sell', 'tradeId': '1168175071068663809'}, {'ts': '1714240561115', 'price': '63546.0', 'size': '0.001', 'side': 'sell', 'tradeId': '1168175070447906816'}, {'ts': '1714240561079', 'price': '63546.0', 'size': '0.068', 'side': 'sell', 'tradeId': '1168175070296911873'}, {'ts': '1714240560213', 'price': '63540.1', 'size': '0.054', 'side': 'buy', 'tradeId': '1168175066664644613'}, {'ts': '1714240560213', 'price': '63540.1', 'size': '0.020', 'side': 'buy', 'tradeId': '1168175066664644611'}, {'ts': '1714240560213', 'price': '63540.0', 'size': '0.026', 'side': 'buy', 'tradeId': '1168175066664644609'}, {'ts': '1714240560109', 'price': '63534.4', 'size': '0.608', 'side': 'sell', 'tradeId': '1168175066228436993'}, {'ts': '1714240559391', 'price': '63543.9', 'size': '0.007', 'side': 'sell', 'tradeId': '1168175063216926721'}, {'ts': '1714240559089', 'price': '63542.8', 'size': '0.292', 'side': 'sell', 'tradeId': '1168175061950246913'}, {'ts': '1714240558945', 'price': '63543.9', 'size': '0.146', 'side': 'sell', 'tradeId': '1168175061346267139'}, {'ts': '1714240558945', 'price': '63546.0', 'size': '0.022', 'side': 'sell', 'tradeId': '1168175061346267136'}, {'ts': '1714240558574', 'price': '63543.9', 'size': '0.040', 'side': 'sell', 'tradeId': '1168175059790180353'}, {'ts': '1714240556512', 'price': '63543.9', 'size': '0.016', 'side': 'buy', 'tradeId': '1168175051141525505'}, {'ts': '1714240556243', 'price': '63540.3', 'size': '0.001', 'side': 'buy', 'tradeId': '1168175050013257859'}, {'ts': '1714240555931', 'price': '63540.2', 'size': '0.058', 'side': 'sell', 'tradeId': '1168175048704634881'}, {'ts': '1714240555675', 'price': '63542.8', 'size': '0.020', 'side': 'sell', 'tradeId': '1168175047630893057'}, {'ts': '1714240555500', 'price': '63542.8', 'size': '0.018', 'side': 'sell', 'tradeId': '1168175046896889857'}, {'ts': '1714240555439', 'price': '63542.8', 'size': '0.020', 'side': 'sell', 'tradeId': '1168175046641037406'}, {'ts': '1714240555439', 'price': '63542.8', 'size': '0.007', 'side': 'sell', 'tradeId': '1168175046641037404'}, {'ts': '1714240554978', 'price': '63542.8', 'size': '0.012', 'side': 'sell', 'tradeId': '1168175044707463169'}, {'ts': '1714240554949', 'price': '63542.8', 'size': '0.265', 'side': 'sell', 'tradeId': '1168175044585828353'}, {'ts': '1714240554866', 'price': '63542.8', 'size': '0.001', 'side': 'sell', 'tradeId': '1168175044237701121'}, {'ts': '1714240554807', 'price': '63546.1', 'size': '0.021', 'side': 'buy', 'tradeId': '1168175043990237185'}, {'ts': '1714240554195', 'price': '63546.0', 'size': '0.001', 'side': 'sell', 'tradeId': '1168175041423323137'}, {'ts': '1714240554146', 'price': '63546.1', 'size': '0.002', 'side': 'buy', 'tradeId': '1168175041217802241'}, {'ts': '1714240553750', 'price': '63542.8', 'size': '0.077', 'side': 'sell', 'tradeId': '1168175039556857857'}, {'ts': '1714240553696', 'price': '63542.8', 'size': '0.005', 'side': 'sell', 'tradeId': '1168175039330365441'}, {'ts': '1714240553695', 'price': '63542.9', 'size': '0.001', 'side': 'buy', 'tradeId': '1168175039326171137'}, {'ts': '1714240553541', 'price': '63542.8', 'size': '0.002', 'side': 'sell', 'tradeId': '1168175038680248321'}, {'ts': '1714240553376', 'price': '63542.8', 'size': '0.061', 'side': 'sell', 'tradeId': '1168175037988188198'}, {'ts': '1714240553346', 'price': '63542.8', 'size': '0.025', 'side': 'sell', 'tradeId': '1168175037862359041'}, {'ts': '1714240553210', 'price': '63542.8', 'size': '0.012', 'side': 'sell', 'tradeId': '1168175037291933701'}, {'ts': '1714240552890', 'price': '63546.2', 'size': '0.009', 'side': 'buy', 'tradeId': '1168175035949756416'}, {'ts': '1714240552654', 'price': '63546.2', 'size': '0.117', 'side': 'buy', 'tradeId': '1168175034959900673'}, {'ts': '1714240552510', 'price': '63546.2', 'size': '0.017', 'side': 'buy', 'tradeId': '1168175034355920896'}, {'ts': '1714240552440', 'price': '63546.1', 'size': '0.001', 'side': 'sell', 'tradeId': '1168175034062319617'}, {'ts': '1714240552092', 'price': '63546.3', 'size': '0.018', 'side': 'sell', 'tradeId': '1168175032602701825'}, {'ts': '1714240551790', 'price': '63546.3', 'size': '0.001', 'side': 'buy', 'tradeId': '1168175031336022017'}, {'ts': '1714240551603', 'price': '63551.8', 'size': '0.104', 'side': 'buy', 'tradeId': '1168175030551687169'}, {'ts': '1714240551602', 'price': '63546.2', 'size': '0.044', 'side': 'sell', 'tradeId': '1168175030547492865'}, {'ts': '1714240551357', 'price': '63546.2', 'size': '0.125', 'side': 'sell', 'tradeId': '1168175029519888384'}, {'ts': '1714240551356', 'price': '63546.2', 'size': '0.222', 'side': 'sell', 'tradeId': '1168175029515694081'}, {'ts': '1714240550954', 'price': '63551.7', 'size': '0.023', 'side': 'sell', 'tradeId': '1168175027829583905'}, {'ts': '1714240550883', 'price': '63551.8', 'size': '33.734', 'side': 'buy', 'tradeId': '1168175027531788289'}, {'ts': '1714240549884', 'price': '63551.8', 'size': '0.059', 'side': 'buy', 'tradeId': '1168175023341678593'}, {'ts': '1714240549827', 'price': '63551.7', 'size': '0.014', 'side': 'sell', 'tradeId': '1168175023102603265'}, {'ts': '1714240549685', 'price': '63548.3', 'size': '0.051', 'side': 'sell', 'tradeId': '1168175022507012097'}, {'ts': '1714240548992', 'price': '63543.9', 'size': '0.106', 'side': 'buy', 'tradeId': '1168175019600359425'}, {'ts': '1714240548971', 'price': '63543.8', 'size': '0.002', 'side': 'sell', 'tradeId': '1168175019512279042'}, {'ts': '1714240548842', 'price': '63543.9', 'size': '0.066', 'side': 'buy', 'tradeId': '1168175018971213825'}, {'ts': '1714240548557', 'price': '63532.4', 'size': '0.025', 'side': 'sell', 'tradeId': '1168175017775837186'}, {'ts': '1714240548437', 'price': '63528.1', 'size': '0.060', 'side': 'buy', 'tradeId': '1168175017272520710'}, {'ts': '1714240548437', 'price': '63528.1', 'size': '0.042', 'side': 'buy', 'tradeId': '1168175017272520708'}, {'ts': '1714240548389', 'price': '63528.1', 'size': '0.008', 'side': 'buy', 'tradeId': '1168175017071194113'}, {'ts': '1714240548187', 'price': '63530.3', 'size': '0.002', 'side': 'buy', 'tradeId': '1168175016223944705'}, {'ts': '1714240548175', 'price': '63530.3', 'size': '0.002', 'side': 'buy', 'tradeId': '1168175016173613058'}, {'ts': '1714240547980', 'price': '63530.2', 'size': '0.015', 'side': 'sell', 'tradeId': '1168175015355723777'}, {'ts': '1714240547903', 'price': '63540.8', 'size': '0.023', 'side': 'buy', 'tradeId': '1168175015032762369'}, {'ts': '1714240547702', 'price': '63540.7', 'size': '0.001', 'side': 'sell', 'tradeId': '1168175014189707265'}, {'ts': '1714240547682', 'price': '63540.8', 'size': '0.003', 'side': 'buy', 'tradeId': '1168175014105821185'}, {'ts': '1714240547332', 'price': '63544.2', 'size': '0.200', 'side': 'sell', 'tradeId': '1168175012637814785'}, {'ts': '1714240546832', 'price': '63550.2', 'size': '0.139', 'side': 'sell', 'tradeId': '1168175010540662785'}, {'ts': '1714240546211', 'price': '63555.4', 'size': '0.114', 'side': 'sell', 'tradeId': '1168175007936000001'}, {'ts': '1714240546165', 'price': '63555.4', 'size': '0.001', 'side': 'sell', 'tradeId': '1168175007743062018'}, {'ts': '1714240545966', 'price': '63555.5', 'size': '0.015', 'side': 'sell', 'tradeId': '1168175006908395522'}, {'ts': '1714240545733', 'price': '63561.1', 'size': '0.040', 'side': 'buy', 'tradeId': '1168175005931122689'}, {'ts': '1714240545632', 'price': '63561.1', 'size': '0.010', 'side': 'buy', 'tradeId': '1168175005507498020'}, {'ts': '1714240545471', 'price': '63561.0', 'size': '0.050', 'side': 'sell', 'tradeId': '1168175004832215040'}, {'ts': '1714240545337', 'price': '63558.0', 'size': '0.020', 'side': 'sell', 'tradeId': '1168175004270178307'}, {'ts': '1714240545337', 'price': '63558.0', 'size': '0.379', 'side': 'sell', 'tradeId': '1168175004270178304'}, {'ts': '1714240545303', 'price': '63558.0', 'size': '0.023', 'side': 'sell', 'tradeId': '1168175004127571970'}, {'ts': '1714240545238', 'price': '63561.0', 'size': '0.039', 'side': 'buy', 'tradeId': '1168175003854942216'}, {'ts': '1714240545238', 'price': '63560.1', 'size': '0.001', 'side': 'buy', 'tradeId': '1168175003854942214'}, {'ts': '1714240545238', 'price': '63558.1', 'size': '0.001', 'side': 'buy', 'tradeId': '1168175003854942212'}, {'ts': '1714240545238', 'price': '63558.0', 'size': '0.004', 'side': 'buy', 'tradeId': '1168175003854942209'}, {'ts': '1714240544960', 'price': '63558.1', 'size': '0.002', 'side': 'buy', 'tradeId': '1168175002688925697'}, {'ts': '1714240544691', 'price': '63552.0', 'size': '2.929', 'side': 'buy', 'tradeId': '1168175001560657923'}, {'ts': '1714240544629', 'price': '63552.0', 'size': '3.040', 'side': 'buy', 'tradeId': '1168175001300611075'}, {'ts': '1714240544587', 'price': '63552.0', 'size': '3.052', 'side': 'buy', 'tradeId': '1168175001124450307'}, {'ts': '1714240544442', 'price': '63550.5', 'size': '0.009', 'side': 'sell', 'tradeId': '1168175000516276252'}, {'ts': '1714240544441', 'price': '63550.0', 'size': '0.018', 'side': 'buy', 'tradeId': '1168175000512081947'}, {'ts': '1714240544441', 'price': '63549.3', 'size': '0.018', 'side': 'buy', 'tradeId': '1168175000512081945'}, {'ts': '1714240544191', 'price': '63549.3', 'size': '0.003', 'side': 'buy', 'tradeId': '1168174999463505921'}, {'ts': '1714240543882', 'price': '63549.2', 'size': '0.038', 'side': 'sell', 'tradeId': '1168174998167465994'}, {'ts': '1714240543882', 'price': '63549.2', 'size': '0.050', 'side': 'sell', 'tradeId': '1168174998167465992'}, {'ts': '1714240543882', 'price': '63549.2', 'size': '0.045', 'side': 'sell', 'tradeId': '1168174998167465990'}, {'ts': '1714240543882', 'price': '63549.2', 'size': '0.040', 'side': 'sell', 'tradeId': '1168174998167465988'}, {'ts': '1714240543882', 'price': '63549.2', 'size': '0.030', 'side': 'sell', 'tradeId': '1168174998167465985'}, {'ts': '1714240543648', 'price': '63549.2', 'size': '0.030', 'side': 'sell', 'tradeId': '1168174997185998849'}, {'ts': '1714240542136', 'price': '63548.2', 'size': '0.063', 'side': 'sell', 'tradeId': '1168174990844211202'}, {'ts': '1714240541787', 'price': '63548.2', 'size': '0.076', 'side': 'sell', 'tradeId': '1168174989380399105'}, {'ts': '1714240541515', 'price': '63548.2', 'size': '0.008', 'side': 'sell', 'tradeId': '1168174988239548417'}, {'ts': '1714240541409', 'price': '63553.8', 'size': '0.002', 'side': 'buy', 'tradeId': '1168174987794952193'}, {'ts': '1714240541264', 'price': '63548.2', 'size': '0.003', 'side': 'sell', 'tradeId': '1168174987186778119'}, {'ts': '1714240541264', 'price': '63550.0', 'size': '0.057', 'side': 'sell', 'tradeId': '1168174987186778115'}, {'ts': '1714240540913', 'price': '63553.9', 'size': '0.012', 'side': 'buy', 'tradeId': '1168174985714577410'}, {'ts': '1714240540799', 'price': '63550.0', 'size': '42.158', 'side': 'sell', 'tradeId': '1168174985236426753'}, {'ts': '1714240540767', 'price': '63554.2', 'size': '0.002', 'side': 'sell', 'tradeId': '1168174985102209026'}, {'ts': '1714240540695', 'price': '63554.2', 'size': '0.022', 'side': 'sell', 'tradeId': '1168174984800219137'}, {'ts': '1714240540401', 'price': '63558.1', 'size': '0.039', 'side': 'sell', 'tradeId': '1168174983567093761'}, {'ts': '1714240540366', 'price': '63558.2', 'size': '0.016', 'side': 'buy', 'tradeId': '1168174983420293125'}, {'ts': '1714240540366', 'price': '63558.2', 'size': '0.019', 'side': 'buy', 'tradeId': '1168174983420293121'}, {'ts': '1714240540359', 'price': '63558.2', 'size': '0.021', 'side': 'buy', 'tradeId': '1168174983390932993'}, {'ts': '1714240540335', 'price': '63558.1', 'size': '0.050', 'side': 'sell', 'tradeId': '1168174983290269699'}, {'ts': '1714240540054', 'price': '63558.1', 'size': '0.005', 'side': 'sell', 'tradeId': '1168174982111670275'}, {'ts': '1714240540054', 'price': '63558.9', 'size': '0.031', 'side': 'sell', 'tradeId': '1168174982111670273'}, {'ts': '1714240539966', 'price': '63553.3', 'size': '0.005', 'side': 'sell', 'tradeId': '1168174981742571523'}, {'ts': '1714240539966', 'price': '63553.4', 'size': '0.003', 'side': 'sell', 'tradeId': '1168174981742571521'}, {'ts': '1714240539690', 'price': '63558.1', 'size': '0.022', 'side': 'sell', 'tradeId': '1168174980584943617'}, {'ts': '1714240539594', 'price': '63564.9', 'size': '0.028', 'side': 'sell', 'tradeId': '1168174980182290433'}, {'ts': '1714240539464', 'price': '63565.0', 'size': '0.002', 'side': 'buy', 'tradeId': '1168174979637030913'}, {'ts': '1714240539023', 'price': '63570.1', 'size': '0.448', 'side': 'sell', 'tradeId': '1168174977787342849'}, {'ts': '1714240538853', 'price': '63575.8', 'size': '0.008', 'side': 'buy', 'tradeId': '1168174977074311169'}, {'ts': '1714240538716', 'price': '63575.8', 'size': '0.004', 'side': 'buy', 'tradeId': '1168174976499691521'}, {'ts': '1714240538150', 'price': '63568.6', 'size': '0.100', 'side': 'sell', 'tradeId': '1168174974125715457'}, {'ts': '1714240538127', 'price': '63568.6', 'size': '0.214', 'side': 'sell', 'tradeId': '1168174974029246465'}, {'ts': '1714240537961', 'price': '63568.6', 'size': '0.015', 'side': 'sell', 'tradeId': '1168174973332992001'}, {'ts': '1714240537021', 'price': '63566.8', 'size': '0.005', 'side': 'sell', 'tradeId': '1168174969390346241'}, {'ts': '1714240536765', 'price': '63577.8', 'size': '0.292', 'side': 'sell', 'tradeId': '1168174968316604417'}, {'ts': '1714240536659', 'price': '63577.8', 'size': '0.004', 'side': 'sell', 'tradeId': '1168174967872008193'}, {'ts': '1714240536247', 'price': '63577.8', 'size': '0.002', 'side': 'sell', 'tradeId': '1168174966143954945'}, {'ts': '1714240536219', 'price': '63577.8', 'size': '0.018', 'side': 'sell', 'tradeId': '1168174966026514433'}, {'ts': '1714240535214', 'price': '63576.3', 'size': '0.054', 'side': 'sell', 'tradeId': '1168174961811238913'}, {'ts': '1714240534660', 'price': '63556.4', 'size': '0.100', 'side': 'sell', 'tradeId': '1168174959487594497'}, {'ts': '1714240534462', 'price': '63556.4', 'size': '0.181', 'side': 'sell', 'tradeId': '1168174958657122306'}, {'ts': '1714240534185', 'price': '63556.4', 'size': '0.018', 'side': 'sell', 'tradeId': '1168174957495300097'}, {'ts': '1714240533999', 'price': '63560.2', 'size': '0.043', 'side': 'buy', 'tradeId': '1168174956715159553'}, {'ts': '1714240533473', 'price': '63560.2', 'size': '0.058', 'side': 'buy', 'tradeId': '1168174954508955654'}, {'ts': '1714240533473', 'price': '63560.2', 'size': '0.600', 'side': 'buy', 'tradeId': '1168174954508955652'}, {'ts': '1714240533473', 'price': '63560.2', 'size': '0.490', 'side': 'buy', 'tradeId': '1168174954508955649'}, {'ts': '1714240533441', 'price': '63560.2', 'size': '0.052', 'side': 'buy', 'tradeId': '1168174954374737921'}, {'ts': '1714240533391', 'price': '63560.1', 'size': '0.017', 'side': 'sell', 'tradeId': '1168174954165022781'}, {'ts': '1714240533290', 'price': '63560.1', 'size': '0.031', 'side': 'sell', 'tradeId': '1168174953741398017'}, {'ts': '1714240533248', 'price': '63565.7', 'size': '0.009', 'side': 'buy', 'tradeId': '1168174953565237249'}, {'ts': '1714240533042', 'price': '63565.8', 'size': '0.005', 'side': 'buy', 'tradeId': '1168174952701210624'}, {'ts': '1714240532763', 'price': '63563.1', 'size': '0.001', 'side': 'sell', 'tradeId': '1168174951530999809'}, {'ts': '1714240532659', 'price': '63565.8', 'size': '0.035', 'side': 'buy', 'tradeId': '1168174951094792195'}, {'ts': '1714240532499', 'price': '63568.7', 'size': '0.001', 'side': 'buy', 'tradeId': '1168174950423703556'}, {'ts': '1714240532499', 'price': '63568.7', 'size': '0.002', 'side': 'buy', 'tradeId': '1168174950423703553'}, {'ts': '1714240532139', 'price': '63548.2', 'size': '0.295', 'side': 'sell', 'tradeId': '1168174948913754113'}, {'ts': '1714240532109', 'price': '63552.7', 'size': '0.500', 'side': 'sell', 'tradeId': '1168174948787924993'}, {'ts': '1714240532042', 'price': '63558.4', 'size': '0.009', 'side': 'buy', 'tradeId': '1168174948506906625'}, {'ts': '1714240531979', 'price': '63561.3', 'size': '0.031', 'side': 'sell', 'tradeId': '1168174948242665475'}, {'ts': '1714240531946', 'price': '63563.2', 'size': '1.500', 'side': 'sell', 'tradeId': '1168174948104253441'}, {'ts': '1714240531902', 'price': '63563.3', 'size': '0.004', 'side': 'buy', 'tradeId': '1168174947919704065'}, {'ts': '1714240531850', 'price': '63563.2', 'size': '0.005', 'side': 'sell', 'tradeId': '1168174947701600256'}, {'ts': '1714240531804', 'price': '63563.3', 'size': '0.001', 'side': 'buy', 'tradeId': '1168174947508662273'}, {'ts': '1714240531770', 'price': '63563.2', 'size': '0.056', 'side': 'sell', 'tradeId': '1168174947366055937'}, {'ts': '1714240531575', 'price': '63563.2', 'size': '0.008', 'side': 'sell', 'tradeId': '1168174946548166657'}, {'ts': '1714240531321', 'price': '63564.1', 'size': '0.058', 'side': 'sell', 'tradeId': '1168174945482813442'}, {'ts': '1714240531190', 'price': '63568.9', 'size': '0.007', 'side': 'buy', 'tradeId': '1168174944933359619'}, {'ts': '1714240531190', 'price': '63568.5', 'size': '0.007', 'side': 'buy', 'tradeId': '1168174944933359617'}, {'ts': '1714240530882', 'price': '63566.2', 'size': '0.045', 'side': 'buy', 'tradeId': '1168174943641513985'}, {'ts': '1714240530511', 'price': '63566.1', 'size': '0.061', 'side': 'buy', 'tradeId': '1168174942085427203'}, {'ts': '1714240530511', 'price': '63566.1', 'size': '0.316', 'side': 'buy', 'tradeId': '1168174942085427201'}, {'ts': '1714240530464', 'price': '63566.1', 'size': '0.008', 'side': 'buy', 'tradeId': '1168174941888294913'}, {'ts': '1714240530280', 'price': '63566.1', 'size': '0.001', 'side': 'sell', 'tradeId': '1168174941116542979'}, {'ts': '1714240530280', 'price': '63569.1', 'size': '0.006', 'side': 'sell', 'tradeId': '1168174941116542977'}, {'ts': '1714240530231', 'price': '63566.1', 'size': '0.006', 'side': 'sell', 'tradeId': '1168174940911022080'}, {'ts': '1714240530230', 'price': '63566.1', 'size': '0.003', 'side': 'sell', 'tradeId': '1168174940906827777'}, {'ts': '1714240530196', 'price': '63567.5', 'size': '26.935', 'side': 'buy', 'tradeId': '1168174940764221441'}, {'ts': '1714240530064', 'price': '63571.6', 'size': '0.005', 'side': 'sell', 'tradeId': '1168174940210573313'}, {'ts': '1714240529896', 'price': '63566.0', 'size': '0.015', 'side': 'sell', 'tradeId': '1168174939505930241'}, {'ts': '1714240529221', 'price': '63569.2', 'size': '0.002', 'side': 'sell', 'tradeId': '1168174936674775041'}, {'ts': '1714240528675', 'price': '63571.7', 'size': '0.001', 'side': 'buy', 'tradeId': '1168174934384685056'}, {'ts': '1714240528638', 'price': '63571.1', 'size': '0.004', 'side': 'buy', 'tradeId': '1168174934229495808'}, {'ts': '1714240528625', 'price': '63569.2', 'size': '0.024', 'side': 'sell', 'tradeId': '1168174934174969857'}, {'ts': '1714240528600', 'price': '63571.1', 'size': '0.001', 'side': 'buy', 'tradeId': '1168174934070112257'}, {'ts': '1714240528549', 'price': '63569.3', 'size': '0.100', 'side': 'sell', 'tradeId': '1168174933856202754'}, {'ts': '1714240528456', 'price': '63565.4', 'size': '0.002', 'side': 'sell', 'tradeId': '1168174933466132481'}, {'ts': '1714240528094', 'price': '63563.2', 'size': '0.098', 'side': 'sell', 'tradeId': '1168174931947794433'}, {'ts': '1714240528090', 'price': '63563.2', 'size': '0.002', 'side': 'sell', 'tradeId': '1168174931931017217'}, {'ts': '1714240528085', 'price': '63563.6', 'size': '0.004', 'side': 'buy', 'tradeId': '1168174931910045697'}, {'ts': '1714240527828', 'price': '63563.6', 'size': '0.072', 'side': 'sell', 'tradeId': '1168174930832109569'}, {'ts': '1714240527821', 'price': '63569.2', 'size': '0.204', 'side': 'buy', 'tradeId': '1168174930802749441'}, {'ts': '1714240527804', 'price': '63569.2', 'size': '0.013', 'side': 'buy', 'tradeId': '1168174930731446273'}, {'ts': '1714240527697', 'price': '63569.1', 'size': '0.300', 'side': 'buy', 'tradeId': '1168174930282655745'}, {'ts': '1714240527522', 'price': '63563.5', 'size': '0.011', 'side': 'sell', 'tradeId': '1168174929548652545'}, {'ts': '1714240527099', 'price': '63568.3', 'size': '0.012', 'side': 'buy', 'tradeId': '1168174927774461953'}, {'ts': '1714240527032', 'price': '63568.3', 'size': '0.038', 'side': 'buy', 'tradeId': '1168174927493443598'}, {'ts': '1714240527032', 'price': '63568.3', 'size': '0.226', 'side': 'buy', 'tradeId': '1168174927493443596'}, {'ts': '1714240527032', 'price': '63568.3', 'size': '0.422', 'side': 'buy', 'tradeId': '1168174927493443594'}, {'ts': '1714240527032', 'price': '63568.3', 'size': '0.060', 'side': 'buy', 'tradeId': '1168174927493443591'}, {'ts': '1714240527032', 'price': '63568.3', 'size': '0.050', 'side': 'buy', 'tradeId': '1168174927493443588'}, {'ts': '1714240527032', 'price': '63568.3', 'size': '0.050', 'side': 'buy', 'tradeId': '1168174927493443585'}, {'ts': '1714240526329', 'price': '63573.7', 'size': '0.249', 'side': 'buy', 'tradeId': '1168174924544847873'}, {'ts': '1714240526285', 'price': '63573.6', 'size': '0.100', 'side': 'sell', 'tradeId': '1168174924360298497'}, {'ts': '1714240526228', 'price': '63573.6', 'size': '0.008', 'side': 'sell', 'tradeId': '1168174924121223168'}, {'ts': '1714240526203', 'price': '63573.7', 'size': '0.023', 'side': 'buy', 'tradeId': '1168174924016365572'}, {'ts': '1714240526203', 'price': '63573.7', 'size': '0.060', 'side': 'buy', 'tradeId': '1168174924016365569'}, {'ts': '1714240525953', 'price': '63573.6', 'size': '0.009', 'side': 'sell', 'tradeId': '1168174922967789569'}, {'ts': '1714240525952', 'price': '63573.6', 'size': '0.007', 'side': 'sell', 'tradeId': '1168174922963595265'}, {'ts': '1714240525949', 'price': '63573.6', 'size': '0.001', 'side': 'sell', 'tradeId': '1168174922951012353'}, {'ts': '1714240525948', 'price': '63573.6', 'size': '0.007', 'side': 'sell', 'tradeId': '1168174922946818049'}, {'ts': '1714240525947', 'price': '63573.6', 'size': '0.015', 'side': 'sell', 'tradeId': '1168174922942623745'}, {'ts': '1714240525855', 'price': '63576.3', 'size': '0.005', 'side': 'sell', 'tradeId': '1168174922556747778'}, {'ts': '1714240525765', 'price': '63576.3', 'size': '0.036', 'side': 'sell', 'tradeId': '1168174922179260417'}, {'ts': '1714240525724', 'price': '63582.0', 'size': '0.006', 'side': 'buy', 'tradeId': '1168174922007293953'}, {'ts': '1714240525656', 'price': '63582.5', 'size': '18.225', 'side': 'buy', 'tradeId': '1168174921722081372'}, {'ts': '1714240524771', 'price': '63579.2', 'size': '0.100', 'side': 'sell', 'tradeId': '1168174918010122241'}, {'ts': '1714240524677', 'price': '63579.9', 'size': '0.015', 'side': 'buy', 'tradeId': '1168174917615857665'}, {'ts': '1714240524388', 'price': '63573.6', 'size': '0.007', 'side': 'sell', 'tradeId': '1168174916403703957'}, {'ts': '1714240524307', 'price': '63573.6', 'size': '0.157', 'side': 'sell', 'tradeId': '1168174916063965188'}, {'ts': '1714240524307', 'price': '63578.2', 'size': '0.103', 'side': 'sell', 'tradeId': '1168174916063965186'}, {'ts': '1714240524303', 'price': '63579.3', 'size': '0.001', 'side': 'buy', 'tradeId': '1168174916047187969'}, {'ts': '1714240524230', 'price': '63582.1', 'size': '0.002', 'side': 'buy', 'tradeId': '1168174915741003778'}, {'ts': '1714240524224', 'price': '63582.1', 'size': '0.025', 'side': 'buy', 'tradeId': '1168174915715837953'}, {'ts': '1714240524191', 'price': '63582.1', 'size': '0.003', 'side': 'buy', 'tradeId': '1168174915577425921'}, {'ts': '1714240524109', 'price': '63587.7', 'size': '0.038', 'side': 'buy', 'tradeId': '1168174915233492993'}, {'ts': '1714240523950', 'price': '63587.7', 'size': '0.015', 'side': 'buy', 'tradeId': '1168174914566598659'}, {'ts': '1714240523873', 'price': '63587.7', 'size': '0.028', 'side': 'buy', 'tradeId': '1168174914243637249'}, {'ts': '1714240523648', 'price': '63587.7', 'size': '0.104', 'side': 'buy', 'tradeId': '1168174913299918849'}, {'ts': '1714240523639', 'price': '63587.7', 'size': '0.500', 'side': 'buy', 'tradeId': '1168174913262170113'}, {'ts': '1714240523638', 'price': '63587.7', 'size': '0.005', 'side': 'buy', 'tradeId': '1168174913257975809'}, {'ts': '1714240523084', 'price': '63582.6', 'size': '0.071', 'side': 'buy', 'tradeId': '1168174910934331393'}, {'ts': '1714240522894', 'price': '63579.9', 'size': '0.010', 'side': 'buy', 'tradeId': '1168174910137413633'}, {'ts': '1714240522838', 'price': '63579.9', 'size': '0.037', 'side': 'buy', 'tradeId': '1168174909902532608'}, {'ts': '1714240522795', 'price': '63579.9', 'size': '0.002', 'side': 'buy', 'tradeId': '1168174909722177537'}, {'ts': '1714240522759', 'price': '63580.0', 'size': '1.203', 'side': 'buy', 'tradeId': '1168174909571182603'}, {'ts': '1714240522759', 'price': '63579.9', 'size': '3.025', 'side': 'buy', 'tradeId': '1168174909571182601'}, {'ts': '1714240522759', 'price': '63578.3', 'size': '0.060', 'side': 'buy', 'tradeId': '1168174909571182599'}, {'ts': '1714240522759', 'price': '63578.3', 'size': '0.050', 'side': 'buy', 'tradeId': '1168174909571182597'}, {'ts': '1714240522759', 'price': '63578.3', 'size': '0.060', 'side': 'buy', 'tradeId': '1168174909571182595'}, {'ts': '1714240522759', 'price': '63578.3', 'size': '0.070', 'side': 'buy', 'tradeId': '1168174909571182593'}, {'ts': '1714240522642', 'price': '63578.2', 'size': '0.009', 'side': 'sell', 'tradeId': '1168174909080449025'}, {'ts': '1714240522411', 'price': '63579.9', 'size': '0.200', 'side': 'buy', 'tradeId': '1168174908111564801'}, {'ts': '1714240522408', 'price': '63579.9', 'size': '0.024', 'side': 'buy', 'tradeId': '1168174908098981912'}, {'ts': '1714240522314', 'price': '63586.2', 'size': '0.002', 'side': 'buy', 'tradeId': '1168174907704717313'}, {'ts': '1714240522248', 'price': '63580.5', 'size': '0.001', 'side': 'sell', 'tradeId': '1168174907427893251'}, {'ts': '1714240522243', 'price': '63586.2', 'size': '0.127', 'side': 'buy', 'tradeId': '1168174907406921751'}, {'ts': '1714240522192', 'price': '63597.2', 'size': '0.001', 'side': 'sell', 'tradeId': '1168174907193012305'}, {'ts': '1714240522044', 'price': '63600.4', 'size': '0.016', 'side': 'buy', 'tradeId': '1168174906572255233'}, {'ts': '1714240522035', 'price': '63601.2', 'size': '0.001', 'side': 'buy', 'tradeId': '1168174906534506498'}, {'ts': '1714240522025', 'price': '63601.2', 'size': '0.029', 'side': 'buy', 'tradeId': '1168174906492563457'}, {'ts': '1714240522024', 'price': '63601.1', 'size': '0.001', 'side': 'sell', 'tradeId': '1168174906488369152'}, {'ts': '1714240522023', 'price': '63601.1', 'size': '0.003', 'side': 'sell', 'tradeId': '1168174906484174890'}, {'ts': '1714240522020', 'price': '63601.2', 'size': '0.007', 'side': 'buy', 'tradeId': '1168174906471591939'}, {'ts': '1714240521990', 'price': '63601.2', 'size': '0.164', 'side': 'buy', 'tradeId': '1168174906345762817'}, {'ts': '1714240521925', 'price': '63606.8', 'size': '0.021', 'side': 'buy', 'tradeId': '1168174906073133077'}, {'ts': '1714240521925', 'price': '63606.8', 'size': '0.001', 'side': 'buy', 'tradeId': '1168174906073133075'}, {'ts': '1714240521925', 'price': '63606.1', 'size': '0.009', 'side': 'buy', 'tradeId': '1168174906073133073'}, {'ts': '1714240521925', 'price': '63606.1', 'size': '0.004', 'side': 'buy', 'tradeId': '1168174906073133071'}, {'ts': '1714240521925', 'price': '63606.0', 'size': '0.016', 'side': 'buy', 'tradeId': '1168174906073133069'}, {'ts': '1714240521925', 'price': '63606.0', 'size': '0.001', 'side': 'buy', 'tradeId': '1168174906073133067'}, {'ts': '1714240521925', 'price': '63605.7', 'size': '0.040', 'side': 'buy', 'tradeId': '1168174906073133065'}, {'ts': '1714240521925', 'price': '63605.1', 'size': '0.035', 'side': 'buy', 'tradeId': '1168174906073133063'}, {'ts': '1714240521925', 'price': '63605.0', 'size': '0.008', 'side': 'buy', 'tradeId': '1168174906073133061'}, {'ts': '1714240521925', 'price': '63604.4', 'size': '0.001', 'side': 'buy', 'tradeId': '1168174906073133059'}, {'ts': '1714240521925', 'price': '63604.3', 'size': '0.082', 'side': 'buy', 'tradeId': '1168174906073133057'}, {'ts': '1714240521823', 'price': '63604.0', 'size': '0.040', 'side': 'buy', 'tradeId': '1168174905645314089'}, {'ts': '1714240521823', 'price': '63600.1', 'size': '0.295', 'side': 'sell', 'tradeId': '1168174905645314083'}, {'ts': '1714240521823', 'price': '63600.1', 'size': '0.461', 'side': 'sell', 'tradeId': '1168174905645314079'}, {'ts': '1714240521823', 'price': '63600.2', 'size': '0.040', 'side': 'sell', 'tradeId': '1168174905645314075'}, {'ts': '1714240521823', 'price': '63601.1', 'size': '0.038', 'side': 'sell', 'tradeId': '1168174905645314071'}, {'ts': '1714240521823', 'price': '63601.1', 'size': '0.070', 'side': 'sell', 'tradeId': '1168174905645314067'}, {'ts': '1714240521823', 'price': '63601.1', 'size': '0.060', 'side': 'sell', 'tradeId': '1168174905645314062'}, {'ts': '1714240521823', 'price': '63601.1', 'size': '0.060', 'side': 'sell', 'tradeId': '1168174905645314057'}, {'ts': '1714240521823', 'price': '63601.1', 'size': '0.068', 'side': 'sell', 'tradeId': '1168174905645314053'}, {'ts': '1714240521823', 'price': '63601.1', 'size': '0.048', 'side': 'sell', 'tradeId': '1168174905645314049'}, {'ts': '1714240521818', 'price': '63604.0', 'size': '0.049', 'side': 'buy', 'tradeId': '1168174905624342529'}, {'ts': '1714240521769', 'price': '63604.0', 'size': '0.082', 'side': 'buy', 'tradeId': '1168174905418821639'}, {'ts': '1714240521769', 'price': '63604.0', 'size': '0.005', 'side': 'buy', 'tradeId': '1168174905418821637'}, {'ts': '1714240521769', 'price': '63604.0', 'size': '0.001', 'side': 'buy', 'tradeId': '1168174905418821635'}, {'ts': '1714240521769', 'price': '63603.6', 'size': '0.002', 'side': 'buy', 'tradeId': '1168174905418821633'}, {'ts': '1714240521723', 'price': '63603.6', 'size': '0.029', 'side': 'buy', 'tradeId': '1168174905225883655'}, {'ts': '1714240521723', 'price': '63603.2', 'size': '0.001', 'side': 'buy', 'tradeId': '1168174905225883653'}, {'ts': '1714240521723', 'price': '63602.2', 'size': '0.001', 'side': 'buy', 'tradeId': '1168174905225883651'}, {'ts': '1714240521723', 'price': '63601.2', 'size': '0.031', 'side': 'buy', 'tradeId': '1168174905225883648'}, {'ts': '1714240521712', 'price': '63601.1', 'size': '0.002', 'side': 'sell', 'tradeId': '1168174905179746305'}, {'ts': '1714240521626', 'price': '63601.2', 'size': '0.003', 'side': 'buy', 'tradeId': '1168174904819036160'}, {'ts': '1714240521620', 'price': '63601.2', 'size': '0.026', 'side': 'buy', 'tradeId': '1168174904793870337'}, {'ts': '1714240521521', 'price': '63600.8', 'size': '0.252', 'side': 'buy', 'tradeId': '1168174904378634245'}, {'ts': '1714240521521', 'price': '63600.3', 'size': '0.077', 'side': 'buy', 'tradeId': '1168174904378634242'}, {'ts': '1714240521499', 'price': '63600.1', 'size': '0.027', 'side': 'sell', 'tradeId': '1168174904286359553'}, {'ts': '1714240521227', 'price': '63594.5', 'size': '0.001', 'side': 'sell', 'tradeId': '1168174903145508866'}, {'ts': '1714240521225', 'price': '63594.5', 'size': '0.001', 'side': 'sell', 'tradeId': '1168174903137120257'}, {'ts': '1714240521222', 'price': '63594.5', 'size': '0.007', 'side': 'sell', 'tradeId': '1168174903124537349'}, {'ts': '1714240521222', 'price': '63594.5', 'size': '0.001', 'side': 'sell', 'tradeId': '1168174903124537345'}, {'ts': '1714240521221', 'price': '63594.5', 'size': '0.006', 'side': 'sell', 'tradeId': '1168174903120343041'}, {'ts': '1714240521218', 'price': '63594.5', 'size': '0.001', 'side': 'sell', 'tradeId': '1168174903107760129'}, {'ts': '1714240521217', 'price': '63594.5', 'size': '0.007', 'side': 'sell', 'tradeId': '1168174903103565864'}, {'ts': '1714240521167', 'price': '63600.3', 'size': '0.069', 'side': 'buy', 'tradeId': '1168174902893850627'}, {'ts': '1714240521167', 'price': '63600.3', 'size': '0.028', 'side': 'buy', 'tradeId': '1168174902893850625'}, {'ts': '1714240521077', 'price': '63600.3', 'size': '0.002', 'side': 'buy', 'tradeId': '1168174902516363266'}, {'ts': '1714240520982', 'price': '63600.2', 'size': '0.005', 'side': 'sell', 'tradeId': '1168174902117904385'}, {'ts': '1714240520874', 'price': '63600.0', 'size': '0.741', 'side': 'buy', 'tradeId': '1168174901664919617'}, {'ts': '1714240520874', 'price': '63600.0', 'size': '0.169', 'side': 'buy', 'tradeId': '1168174901664919614'}, {'ts': '1714240520874', 'price': '63600.0', 'size': '0.123', 'side': 'buy', 'tradeId': '1168174901664919612'}, {'ts': '1714240520874', 'price': '63600.0', 'size': '0.031', 'side': 'buy', 'tradeId': '1168174901664919609'}, {'ts': '1714240520874', 'price': '63600.0', 'size': '0.009', 'side': 'buy', 'tradeId': '1168174901664919606'}, {'ts': '1714240520874', 'price': '63600.0', 'size': '1.000', 'side': 'buy', 'tradeId': '1168174901664919604'}, {'ts': '1714240520874', 'price': '63600.0', 'size': '0.015', 'side': 'buy', 'tradeId': '1168174901664919602'}, {'ts': '1714240520874', 'price': '63600.0', 'size': '0.002', 'side': 'buy', 'tradeId': '1168174901664919600'}, {'ts': '1714240520874', 'price': '63600.0', 'size': '0.010', 'side': 'buy', 'tradeId': '1168174901664919598'}, {'ts': '1714240520874', 'price': '63600.0', 'size': '0.483', 'side': 'buy', 'tradeId': '1168174901664919596'}, {'ts': '1714240520874', 'price': '63600.0', 'size': '0.007', 'side': 'buy', 'tradeId': '1168174901664919594'}, {'ts': '1714240520874', 'price': '63600.0', 'size': '0.001', 'side': 'buy', 'tradeId': '1168174901664919592'}, {'ts': '1714240520874', 'price': '63600.0', 'size': '0.228', 'side': 'buy', 'tradeId': '1168174901664919588'}, {'ts': '1714240520874', 'price': '63600.0', 'size': '0.058', 'side': 'buy', 'tradeId': '1168174901664919586'}, {'ts': '1714240520874', 'price': '63600.0', 'size': '0.002', 'side': 'buy', 'tradeId': '1168174901664919583'}, {'ts': '1714240520874', 'price': '63600.0', 'size': '0.001', 'side': 'buy', 'tradeId': '1168174901664919581'}, {'ts': '1714240520874', 'price': '63600.0', 'size': '0.046', 'side': 'buy', 'tradeId': '1168174901664919579'}, {'ts': '1714240520874', 'price': '63600.0', 'size': '0.489', 'side': 'buy', 'tradeId': '1168174901664919576'}, {'ts': '1714240520874', 'price': '63600.0', 'size': '0.005', 'side': 'buy', 'tradeId': '1168174901664919574'}, {'ts': '1714240520874', 'price': '63600.0', 'size': '0.002', 'side': 'buy', 'tradeId': '1168174901664919572'}, {'ts': '1714240520874', 'price': '63600.0', 'size': '0.139', 'side': 'buy', 'tradeId': '1168174901664919569'}, {'ts': '1714240520874', 'price': '63600.0', 'size': '0.003', 'side': 'buy', 'tradeId': '1168174901664919567'}, {'ts': '1714240520874', 'price': '63600.0', 'size': '0.050', 'side': 'buy', 'tradeId': '1168174901664919565'}, {'ts': '1714240520874', 'price': '63600.0', 'size': '0.071', 'side': 'buy', 'tradeId': '1168174901664919562'}, {'ts': '1714240520874', 'price': '63600.0', 'size': '0.005', 'side': 'buy', 'tradeId': '1168174901664919559'}, {'ts': '1714240520874', 'price': '63600.0', 'size': '0.003', 'side': 'buy', 'tradeId': '1168174901664919556'}, {'ts': '1714240520874', 'price': '63600.0', 'size': '0.073', 'side': 'buy', 'tradeId': '1168174901664919554'}, {'ts': '1714240520456', 'price': '63600.0', 'size': '0.006', 'side': 'buy', 'tradeId': '1168174899911700488'}, {'ts': '1714240520456', 'price': '63600.0', 'size': '0.024', 'side': 'buy', 'tradeId': '1168174899911700486'}, {'ts': '1714240520456', 'price': '63596.0', 'size': '0.200', 'side': 'sell', 'tradeId': '1168174899911700481'}, {'ts': '1714240520449', 'price': '63600.0', 'size': '0.049', 'side': 'buy', 'tradeId': '1168174899882340375'}, {'ts': '1714240520449', 'price': '63600.0', 'size': '0.001', 'side': 'buy', 'tradeId': '1168174899882340373'}, {'ts': '1714240520449', 'price': '63600.0', 'size': '0.117', 'side': 'buy', 'tradeId': '1168174899882340371'}, {'ts': '1714240520449', 'price': '63600.0', 'size': '0.005', 'side': 'buy', 'tradeId': '1168174899882340369'}, {'ts': '1714240520449', 'price': '63600.0', 'size': '0.160', 'side': 'buy', 'tradeId': '1168174899882340366'}, {'ts': '1714240520449', 'price': '63600.0', 'size': '0.001', 'side': 'buy', 'tradeId': '1168174899882340364'}, {'ts': '1714240520449', 'price': '63600.0', 'size': '0.150', 'side': 'buy', 'tradeId': '1168174899882340362'}, {'ts': '1714240520449', 'price': '63600.0', 'size': '0.002', 'side': 'buy', 'tradeId': '1168174899882340360'}, {'ts': '1714240520449', 'price': '63600.0', 'size': '0.005', 'side': 'buy', 'tradeId': '1168174899882340358'}, {'ts': '1714240520449', 'price': '63600.0', 'size': '0.002', 'side': 'buy', 'tradeId': '1168174899882340355'}, {'ts': '1714240520449', 'price': '63600.0', 'size': '0.970', 'side': 'buy', 'tradeId': '1168174899882340353'}, {'ts': '1714240520448', 'price': '63600.0', 'size': '0.030', 'side': 'buy', 'tradeId': '1168174899878146058'}, {'ts': '1714240520448', 'price': '63600.0', 'size': '0.003', 'side': 'buy', 'tradeId': '1168174899878146056'}, {'ts': '1714240520448', 'price': '63600.0', 'size': '0.015', 'side': 'buy', 'tradeId': '1168174899878146054'}, {'ts': '1714240520448', 'price': '63596.0', 'size': '0.832', 'side': 'sell', 'tradeId': '1168174899878146050'}, {'ts': '1714240520447', 'price': '63600.0', 'size': '0.011', 'side': 'buy', 'tradeId': '1168174899873951768'}, {'ts': '1714240520447', 'price': '63600.0', 'size': '0.008', 'side': 'buy', 'tradeId': '1168174899873951763'}, {'ts': '1714240520447', 'price': '63600.0', 'size': '0.001', 'side': 'buy', 'tradeId': '1168174899873951761'}, {'ts': '1714240520447', 'price': '63600.0', 'size': '0.023', 'side': 'buy', 'tradeId': '1168174899873951759'}, {'ts': '1714240520447', 'price': '63600.0', 'size': '0.001', 'side': 'buy', 'tradeId': '1168174899873951757'}, {'ts': '1714240520447', 'price': '63600.0', 'size': '0.061', 'side': 'buy', 'tradeId': '1168174899873951755'}, {'ts': '1714240520447', 'price': '63600.0', 'size': '0.015', 'side': 'buy', 'tradeId': '1168174899873951752'}, {'ts': '1714240520447', 'price': '63600.0', 'size': '0.024', 'side': 'buy', 'tradeId': '1168174899873951749'}, {'ts': '1714240520447', 'price': '63600.0', 'size': '0.005', 'side': 'buy', 'tradeId': '1168174899873951747'}, {'ts': '1714240520447', 'price': '63599.5', 'size': '0.046', 'side': 'buy', 'tradeId': '1168174899873951745'}, {'ts': '1714240520445', 'price': '63599.5', 'size': '0.004', 'side': 'buy', 'tradeId': '1168174899865563162'}, {'ts': '1714240520444', 'price': '63599.5', 'size': '0.188', 'side': 'buy', 'tradeId': '1168174899861368833'}, {'ts': '1714240520442', 'price': '63599.5', 'size': '0.040', 'side': 'buy', 'tradeId': '1168174899852980225'}, {'ts': '1714240520441', 'price': '63596.0', 'size': '0.015', 'side': 'sell', 'tradeId': '1168174899848785921'}, {'ts': '1714240520438', 'price': '63596.0', 'size': '0.115', 'side': 'sell', 'tradeId': '1168174899836203043'}, {'ts': '1714240520438', 'price': '63600.0', 'size': '0.005', 'side': 'buy', 'tradeId': '1168174899836203038'}, {'ts': '1714240520438', 'price': '63600.0', 'size': '0.001', 'side': 'buy', 'tradeId': '1168174899836203036'}, {'ts': '1714240520438', 'price': '63600.0', 'size': '0.001', 'side': 'buy', 'tradeId': '1168174899836203033'}, {'ts': '1714240520438', 'price': '63600.0', 'size': '0.130', 'side': 'buy', 'tradeId': '1168174899836203031'}, {'ts': '1714240520438', 'price': '63600.0', 'size': '0.001', 'side': 'buy', 'tradeId': '1168174899836203029'}, {'ts': '1714240520438', 'price': '63600.0', 'size': '0.001', 'side': 'buy', 'tradeId': '1168174899836203027'}, {'ts': '1714240520438', 'price': '63600.0', 'size': '0.007', 'side': 'buy', 'tradeId': '1168174899836203024'}, {'ts': '1714240520438', 'price': '63600.0', 'size': '0.014', 'side': 'buy', 'tradeId': '1168174899836203022'}, {'ts': '1714240520438', 'price': '63600.0', 'size': '0.056', 'side': 'buy', 'tradeId': '1168174899836203020'}, {'ts': '1714240520438', 'price': '63600.0', 'size': '0.004', 'side': 'buy', 'tradeId': '1168174899836203018'}, {'ts': '1714240520438', 'price': '63600.0', 'size': '0.007', 'side': 'buy', 'tradeId': '1168174899836203016'}, {'ts': '1714240520438', 'price': '63600.0', 'size': '0.008', 'side': 'buy', 'tradeId': '1168174899836203013'}, {'ts': '1714240520438', 'price': '63600.0', 'size': '0.120', 'side': 'buy', 'tradeId': '1168174899836203011'}, {'ts': '1714240520438', 'price': '63599.5', 'size': '0.083', 'side': 'buy', 'tradeId': '1168174899836203009'}, {'ts': '1714240520437', 'price': '63596.0', 'size': '0.077', 'side': 'sell', 'tradeId': '1168174899832008705'}, {'ts': '1714240520436', 'price': '63599.5', 'size': '0.183', 'side': 'buy', 'tradeId': '1168174899827814405'}, {'ts': '1714240520436', 'price': '63599.5', 'size': '0.020', 'side': 'buy', 'tradeId': '1168174899827814403'}, {'ts': '1714240520436', 'price': '63599.5', 'size': '0.194', 'side': 'buy', 'tradeId': '1168174899827814401'}, {'ts': '1714240520435', 'price': '63599.5', 'size': '0.009', 'side': 'buy', 'tradeId': '1168174899823620097'}, {'ts': '1714240520434', 'price': '63599.5', 'size': '0.092', 'side': 'buy', 'tradeId': '1168174899819425797'}, {'ts': '1714240520434', 'price': '63596.0', 'size': '0.150', 'side': 'sell', 'tradeId': '1168174899819425793'}, {'ts': '1714240520433', 'price': '63596.0', 'size': '0.044', 'side': 'sell', 'tradeId': '1168174899815231490'}, {'ts': '1714240520428', 'price': '63599.5', 'size': '0.014', 'side': 'buy', 'tradeId': '1168174899794259970'}, {'ts': '1714240520425', 'price': '63596.0', 'size': '0.004', 'side': 'sell', 'tradeId': '1168174899781677056'}, {'ts': '1714240520423', 'price': '63596.0', 'size': '0.100', 'side': 'sell', 'tradeId': '1168174899773288458'}, {'ts': '1714240520423', 'price': '63599.5', 'size': '0.007', 'side': 'buy', 'tradeId': '1168174899773288454'}, {'ts': '1714240520423', 'price': '63599.5', 'size': '0.070', 'side': 'buy', 'tradeId': '1168174899773288451'}, {'ts': '1714240520423', 'price': '63599.5', 'size': '0.001', 'side': 'buy', 'tradeId': '1168174899773288449'}, {'ts': '1714240520422', 'price': '63596.0', 'size': '0.001', 'side': 'sell', 'tradeId': '1168174899769094145'}, {'ts': '1714240520420', 'price': '63599.5', 'size': '0.001', 'side': 'buy', 'tradeId': '1168174899760705536'}, {'ts': '1714240520419', 'price': '63599.5', 'size': '0.008', 'side': 'buy', 'tradeId': '1168174899756511239'}, {'ts': '1714240520419', 'price': '63596.0', 'size': '0.001', 'side': 'sell', 'tradeId': '1168174899756511235'}, {'ts': '1714240520416', 'price': '63596.0', 'size': '0.040', 'side': 'sell', 'tradeId': '1168174899743928322'}, {'ts': '1714240520414', 'price': '63596.0', 'size': '0.005', 'side': 'sell', 'tradeId': '1168174899735539718'}, {'ts': '1714240520414', 'price': '63596.0', 'size': '0.001', 'side': 'sell', 'tradeId': '1168174899735539714'}, {'ts': '1714240520413', 'price': '63599.5', 'size': '0.020', 'side': 'buy', 'tradeId': '1168174899731345451'}, {'ts': '1714240520412', 'price': '63599.5', 'size': '0.207', 'side': 'buy', 'tradeId': '1168174899727151113'}, {'ts': '1714240520412', 'price': '63596.0', 'size': '0.064', 'side': 'sell', 'tradeId': '1168174899727151109'}, {'ts': '1714240520412', 'price': '63599.5', 'size': '0.023', 'side': 'buy', 'tradeId': '1168174899727151105'}, {'ts': '1714240520411', 'price': '63599.5', 'size': '0.010', 'side': 'buy', 'tradeId': '1168174899722956800'}, {'ts': '1714240520410', 'price': '63596.0', 'size': '0.300', 'side': 'sell', 'tradeId': '1168174899718762505'}, {'ts': '1714240520410', 'price': '63596.0', 'size': '0.008', 'side': 'sell', 'tradeId': '1168174899718762501'}, {'ts': '1714240520410', 'price': '63596.0', 'size': '0.001', 'side': 'sell', 'tradeId': '1168174899718762497'}, {'ts': '1714240520406', 'price': '63596.0', 'size': '0.006', 'side': 'sell', 'tradeId': '1168174899701985281'}, {'ts': '1714240520405', 'price': '63599.5', 'size': '0.031', 'side': 'buy', 'tradeId': '1168174899697790981'}, {'ts': '1714240520405', 'price': '63599.5', 'size': '0.091', 'side': 'buy', 'tradeId': '1168174899697790977'}, {'ts': '1714240520403', 'price': '63596.0', 'size': '2.000', 'side': 'sell', 'tradeId': '1168174899689402389'}, {'ts': '1714240520401', 'price': '63596.0', 'size': '0.042', 'side': 'sell', 'tradeId': '1168174899681013761'}, {'ts': '1714240520400', 'price': '63596.0', 'size': '0.015', 'side': 'sell', 'tradeId': '1168174899676819457'}, {'ts': '1714240520350', 'price': '63600.0', 'size': '0.100', 'side': 'buy', 'tradeId': '1168174899467104257'}, {'ts': '1714240520348', 'price': '63600.0', 'size': '0.109', 'side': 'buy', 'tradeId': '1168174899458715700'}, {'ts': '1714240520348', 'price': '63600.0', 'size': '0.151', 'side': 'buy', 'tradeId': '1168174899458715696'}, {'ts': '1714240520348', 'price': '63600.0', 'size': '0.001', 'side': 'buy', 'tradeId': '1168174899458715694'}, {'ts': '1714240520348', 'price': '63600.0', 'size': '0.001', 'side': 'buy', 'tradeId': '1168174899458715692'}, {'ts': '1714240520348', 'price': '63600.0', 'size': '0.002', 'side': 'buy', 'tradeId': '1168174899458715690'}, {'ts': '1714240520348', 'price': '63600.0', 'size': '0.001', 'side': 'buy', 'tradeId': '1168174899458715688'}, {'ts': '1714240520348', 'price': '63600.0', 'size': '0.001', 'side': 'buy', 'tradeId': '1168174899458715686'}, {'ts': '1714240520348', 'price': '63600.0', 'size': '0.002', 'side': 'buy', 'tradeId': '1168174899458715684'}, {'ts': '1714240520348', 'price': '63600.0', 'size': '0.002', 'side': 'buy', 'tradeId': '1168174899458715682'}, {'ts': '1714240520348', 'price': '63600.0', 'size': '0.002', 'side': 'buy', 'tradeId': '1168174899458715680'}, {'ts': '1714240520348', 'price': '63600.0', 'size': '0.002', 'side': 'buy', 'tradeId': '1168174899458715678'}, {'ts': '1714240520348', 'price': '63600.0', 'size': '0.001', 'side': 'buy', 'tradeId': '1168174899458715676'}, {'ts': '1714240520348', 'price': '63600.0', 'size': '0.001', 'side': 'buy', 'tradeId': '1168174899458715674'}, {'ts': '1714240520348', 'price': '63600.0', 'size': '0.002', 'side': 'buy', 'tradeId': '1168174899458715672'}, {'ts': '1714240520348', 'price': '63600.0', 'size': '0.010', 'side': 'buy', 'tradeId': '1168174899458715670'}, {'ts': '1714240520348', 'price': '63600.0', 'size': '0.001', 'side': 'buy', 'tradeId': '1168174899458715668'}, {'ts': '1714240520348', 'price': '63600.0', 'size': '0.001', 'side': 'buy', 'tradeId': '1168174899458715666'}, {'ts': '1714240520348', 'price': '63600.0', 'size': '0.001', 'side': 'buy', 'tradeId': '1168174899458715664'}, {'ts': '1714240520348', 'price': '63600.0', 'size': '0.001', 'side': 'buy', 'tradeId': '1168174899458715662'}, {'ts': '1714240520348', 'price': '63600.0', 'size': '0.001', 'side': 'buy', 'tradeId': '1168174899458715660'}, {'ts': '1714240520348', 'price': '63600.0', 'size': '0.001', 'side': 'buy', 'tradeId': '1168174899458715658'}, {'ts': '1714240520348', 'price': '63600.0', 'size': '0.002', 'side': 'buy', 'tradeId': '1168174899458715656'}, {'ts': '1714240520348', 'price': '63600.0', 'size': '0.001', 'side': 'buy', 'tradeId': '1168174899458715654'}, {'ts': '1714240520348', 'price': '63600.0', 'size': '0.001', 'side': 'buy', 'tradeId': '1168174899458715652'}, {'ts': '1714240520348', 'price': '63600.0', 'size': '0.002', 'side': 'buy', 'tradeId': '1168174899458715650'}, {'ts': '1714240520348', 'price': '63600.0', 'size': '0.040', 'side': 'buy', 'tradeId': '1168174899458715648'}, {'ts': '1714240520336', 'price': '63600.0', 'size': '0.004', 'side': 'buy', 'tradeId': '1168174899408384004'}, {'ts': '1714240520336', 'price': '63600.0', 'size': '0.001', 'side': 'buy', 'tradeId': '1168174899408384002'}, {'ts': '1714240520336', 'price': '63599.9', 'size': '0.001', 'side': 'buy', 'tradeId': '1168174899408384000'}, {'ts': '1714240520335', 'price': '63599.8', 'size': '0.004', 'side': 'buy', 'tradeId': '1168174899404189698'}, {'ts': '1714240520329', 'price': '63597.1', 'size': '0.077', 'side': 'sell', 'tradeId': '1168174899379023875'}, {'ts': '1714240520329', 'price': '63597.1', 'size': '0.077', 'side': 'sell', 'tradeId': '1168174899379023873'}, {'ts': '1714240520300', 'price': '63599.8', 'size': '0.003', 'side': 'buy', 'tradeId': '1168174899257389060'}, {'ts': '1714240520300', 'price': '63599.8', 'size': '0.008', 'side': 'buy', 'tradeId': '1168174899257389056'}, {'ts': '1714240520227', 'price': '63598.5', 'size': '0.003', 'side': 'buy', 'tradeId': '1168174898951204871'}, {'ts': '1714240520227', 'price': '63598.4', 'size': '0.020', 'side': 'buy', 'tradeId': '1168174898951204869'}, {'ts': '1714240520227', 'price': '63597.1', 'size': '0.097', 'side': 'buy', 'tradeId': '1168174898951204867'}, {'ts': '1714240519871', 'price': '63592.8', 'size': '0.020', 'side': 'buy', 'tradeId': '1168174897458032641'}, {'ts': '1714240519730', 'price': '63592.7', 'size': '0.010', 'side': 'sell', 'tradeId': '1168174896866635777'}, {'ts': '1714240519669', 'price': '63592.7', 'size': '0.473', 'side': 'sell', 'tradeId': '1168174896610783233'}, {'ts': '1714240519630', 'price': '63592.7', 'size': '0.007', 'side': 'sell', 'tradeId': '1168174896447205387'}, {'ts': '1714240519274', 'price': '63593.0', 'size': '0.125', 'side': 'buy', 'tradeId': '1168174894954033152'}, {'ts': '1714240519175', 'price': '63593.0', 'size': '0.007', 'side': 'buy', 'tradeId': '1168174894538797057'}, {'ts': '1714240519161', 'price': '63590.6', 'size': '0.016', 'side': 'sell', 'tradeId': '1168174894480076801'}, {'ts': '1714240518938', 'price': '63590.6', 'size': '0.248', 'side': 'sell', 'tradeId': '1168174893544747012'}, {'ts': '1714240518938', 'price': '63590.6', 'size': '0.050', 'side': 'sell', 'tradeId': '1168174893544747009'}, {'ts': '1714240518769', 'price': '63580.0', 'size': '0.005', 'side': 'buy', 'tradeId': '1168174892835909635'}, {'ts': '1714240518694', 'price': '63578.8', 'size': '0.008', 'side': 'sell', 'tradeId': '1168174892521336833'}, {'ts': '1714240518685', 'price': '63578.8', 'size': '0.016', 'side': 'sell', 'tradeId': '1168174892483588097'}, {'ts': '1714240518683', 'price': '63578.8', 'size': '0.014', 'side': 'sell', 'tradeId': '1168174892475199523'}, {'ts': '1714240518683', 'price': '63578.8', 'size': '0.016', 'side': 'sell', 'tradeId': '1168174892475199521'}, {'ts': '1714240518540', 'price': '63585.8', 'size': '0.006', 'side': 'buy', 'tradeId': '1168174891875414017'}, {'ts': '1714240518292', 'price': '63581.6', 'size': '0.017', 'side': 'sell', 'tradeId': '1168174890835226627'}, {'ts': '1714240518186', 'price': '63585.7', 'size': '0.037', 'side': 'sell', 'tradeId': '1168174890390630401'}, {'ts': '1714240518095', 'price': '63583.8', 'size': '0.003', 'side': 'sell', 'tradeId': '1168174890008948736'}, {'ts': '1714240518088', 'price': '63583.8', 'size': '0.001', 'side': 'sell', 'tradeId': '1168174889979588610'}, {'ts': '1714240518057', 'price': '63584.5', 'size': '0.030', 'side': 'buy', 'tradeId': '1168174889849565272'}, {'ts': '1714240518047', 'price': '63583.8', 'size': '0.013', 'side': 'sell', 'tradeId': '1168174889807622146'}, {'ts': '1714240517864', 'price': '63583.1', 'size': '0.004', 'side': 'buy', 'tradeId': '1168174889040064513'}, {'ts': '1714240517764', 'price': '63583.1', 'size': '0.079', 'side': 'buy', 'tradeId': '1168174888620634113'}, {'ts': '1714240517759', 'price': '63583.1', 'size': '0.066', 'side': 'buy', 'tradeId': '1168174888599662593'}, {'ts': '1714240517713', 'price': '63592.1', 'size': '0.200', 'side': 'buy', 'tradeId': '1168174888406724609'}, {'ts': '1714240517583', 'price': '63592.1', 'size': '0.001', 'side': 'buy', 'tradeId': '1168174887861465089'}, {'ts': '1714240517502', 'price': '63596.3', 'size': '0.013', 'side': 'buy', 'tradeId': '1168174887521726465'}, {'ts': '1714240517270', 'price': '63597.1', 'size': '0.002', 'side': 'buy', 'tradeId': '1168174886548647937'}, {'ts': '1714240517219', 'price': '63596.2', 'size': '0.001', 'side': 'sell', 'tradeId': '1168174886334738433'}, {'ts': '1714240517216', 'price': '63596.2', 'size': '0.001', 'side': 'sell', 'tradeId': '1168174886322155521'}, {'ts': '1714240517142', 'price': '63596.2', 'size': '0.035', 'side': 'sell', 'tradeId': '1168174886011777027'}, {'ts': '1714240517130', 'price': '63597.1', 'size': '0.003', 'side': 'buy', 'tradeId': '1168174885961445382'}, {'ts': '1714240517130', 'price': '63597.0', 'size': '0.006', 'side': 'buy', 'tradeId': '1168174885961445379'}, {'ts': '1714240517130', 'price': '63596.4', 'size': '0.001', 'side': 'buy', 'tradeId': '1168174885961445377'}, {'ts': '1714240517125', 'price': '63596.4', 'size': '0.010', 'side': 'buy', 'tradeId': '1168174885940473856'}, {'ts': '1714240517124', 'price': '63596.4', 'size': '0.008', 'side': 'buy', 'tradeId': '1168174885936279564'}, {'ts': '1714240517124', 'price': '63596.4', 'size': '0.003', 'side': 'buy', 'tradeId': '1168174885936279560'}, {'ts': '1714240517124', 'price': '63596.2', 'size': '0.016', 'side': 'sell', 'tradeId': '1168174885936279556'}, {'ts': '1714240517124', 'price': '63596.2', 'size': '0.075', 'side': 'sell', 'tradeId': '1168174885936279552'}, {'ts': '1714240517121', 'price': '63596.4', 'size': '0.015', 'side': 'buy', 'tradeId': '1168174885923696642'}, {'ts': '1714240517039', 'price': '63592.1', 'size': '0.010', 'side': 'sell', 'tradeId': '1168174885579763721'}, {'ts': '1714240517039', 'price': '63592.1', 'size': '0.003', 'side': 'sell', 'tradeId': '1168174885579763717'}, {'ts': '1714240517037', 'price': '63592.1', 'size': '0.015', 'side': 'sell', 'tradeId': '1168174885571375106'}, {'ts': '1714240517033', 'price': '63596.4', 'size': '0.023', 'side': 'buy', 'tradeId': '1168174885554597893'}, {'ts': '1714240517033', 'price': '63595.5', 'size': '0.003', 'side': 'buy', 'tradeId': '1168174885554597891'}, {'ts': '1714240517033', 'price': '63594.3', 'size': '0.001', 'side': 'buy', 'tradeId': '1168174885554597889'}, {'ts': '1714240517029', 'price': '63594.0', 'size': '0.001', 'side': 'buy', 'tradeId': '1168174885537820674'}, {'ts': '1714240517029', 'price': '63593.7', 'size': '0.014', 'side': 'buy', 'tradeId': '1168174885537820672'}, {'ts': '1714240517009', 'price': '63592.1', 'size': '0.001', 'side': 'sell', 'tradeId': '1168174885453934593'}, {'ts': '1714240516995', 'price': '63592.1', 'size': '0.015', 'side': 'sell', 'tradeId': '1168174885395214339'}, {'ts': '1714240516993', 'price': '63593.7', 'size': '0.001', 'side': 'buy', 'tradeId': '1168174885386825732'}, {'ts': '1714240516993', 'price': '63593.5', 'size': '0.046', 'side': 'buy', 'tradeId': '1168174885386825730'}, {'ts': '1714240516979', 'price': '63592.1', 'size': '0.011', 'side': 'sell', 'tradeId': '1168174885328105475'}, {'ts': '1714240516977', 'price': '63593.5', 'size': '0.001', 'side': 'buy', 'tradeId': '1168174885319716866'}, {'ts': '1714240516975', 'price': '63592.1', 'size': '0.004', 'side': 'sell', 'tradeId': '1168174885311328257'}, {'ts': '1714240516970', 'price': '63592.6', 'size': '0.945', 'side': 'buy', 'tradeId': '1168174885290356738'}, {'ts': '1714240516949', 'price': '63586.2', 'size': '0.007', 'side': 'sell', 'tradeId': '1168174885202276353'}, {'ts': '1714240516948', 'price': '63592.6', 'size': '0.009', 'side': 'buy', 'tradeId': '1168174885198082096'}, {'ts': '1714240516943', 'price': '63586.2', 'size': '0.002', 'side': 'sell', 'tradeId': '1168174885177110532'}, {'ts': '1714240516941', 'price': '63592.6', 'size': '0.549', 'side': 'buy', 'tradeId': '1168174885168721953'}, {'ts': '1714240516941', 'price': '63592.2', 'size': '0.003', 'side': 'buy', 'tradeId': '1168174885168721951'}, {'ts': '1714240516941', 'price': '63591.8', 'size': '0.006', 'side': 'buy', 'tradeId': '1168174885168721949'}, {'ts': '1714240516941', 'price': '63591.7', 'size': '0.029', 'side': 'buy', 'tradeId': '1168174885168721947'}, {'ts': '1714240516941', 'price': '63590.8', 'size': '0.002', 'side': 'buy', 'tradeId': '1168174885168721945'}, {'ts': '1714240516941', 'price': '63590.7', 'size': '0.001', 'side': 'buy', 'tradeId': '1168174885168721943'}, {'ts': '1714240516941', 'price': '63590.4', 'size': '0.001', 'side': 'buy', 'tradeId': '1168174885168721941'}, {'ts': '1714240516941', 'price': '63590.0', 'size': '0.002', 'side': 'buy', 'tradeId': '1168174885168721939'}, {'ts': '1714240516941', 'price': '63590.0', 'size': '0.002', 'side': 'buy', 'tradeId': '1168174885168721935'}, {'ts': '1714240516941', 'price': '63589.2', 'size': '0.001', 'side': 'buy', 'tradeId': '1168174885168721933'}, {'ts': '1714240516941', 'price': '63589.0', 'size': '0.007', 'side': 'buy', 'tradeId': '1168174885168721931'}, {'ts': '1714240516941', 'price': '63589.0', 'size': '0.010', 'side': 'buy', 'tradeId': '1168174885168721926'}, {'ts': '1714240516941', 'price': '63589.0', 'size': '0.008', 'side': 'buy', 'tradeId': '1168174885168721921'}, {'ts': '1714240516939', 'price': '63589.0', 'size': '0.008', 'side': 'buy', 'tradeId': '1168174885160333324'}, {'ts': '1714240516939', 'price': '63589.0', 'size': '0.057', 'side': 'buy', 'tradeId': '1168174885160333320'}, {'ts': '1714240516939', 'price': '63589.0', 'size': '0.069', 'side': 'buy', 'tradeId': '1168174885160333318'}, {'ts': '1714240516939', 'price': '63586.2', 'size': '0.056', 'side': 'sell', 'tradeId': '1168174885160333313'}, {'ts': '1714240516937', 'price': '63589.0', 'size': '0.003', 'side': 'buy', 'tradeId': '1168174885151944707'}, {'ts': '1714240516937', 'price': '63589.0', 'size': '0.003', 'side': 'buy', 'tradeId': '1168174885151944705'}, {'ts': '1714240516933', 'price': '63586.2', 'size': '0.005', 'side': 'sell', 'tradeId': '1168174885135167495'}, {'ts': '1714240516933', 'price': '63589.0', 'size': '0.015', 'side': 'buy', 'tradeId': '1168174885135167491'}, {'ts': '1714240516933', 'price': '63589.0', 'size': '0.015', 'side': 'buy', 'tradeId': '1168174885135167489'}, {'ts': '1714240516931', 'price': '63586.2', 'size': '0.001', 'side': 'sell', 'tradeId': '1168174885126778882'}, {'ts': '1714240516930', 'price': '63586.2', 'size': '0.072', 'side': 'sell', 'tradeId': '1168174885122584577'}, {'ts': '1714240516929', 'price': '63589.0', 'size': '0.001', 'side': 'buy', 'tradeId': '1168174885118390273'}, {'ts': '1714240516927', 'price': '63589.0', 'size': '0.051', 'side': 'buy', 'tradeId': '1168174885110001673'}, {'ts': '1714240516927', 'price': '63589.0', 'size': '0.020', 'side': 'buy', 'tradeId': '1168174885110001669'}, {'ts': '1714240516927', 'price': '63586.2', 'size': '0.027', 'side': 'sell', 'tradeId': '1168174885110001665'}, {'ts': '1714240516924', 'price': '63589.0', 'size': '0.004', 'side': 'buy', 'tradeId': '1168174885097418808'}, {'ts': '1714240516924', 'price': '63588.5', 'size': '0.004', 'side': 'buy', 'tradeId': '1168174885097418806'}, {'ts': '1714240516924', 'price': '63586.9', 'size': '0.020', 'side': 'buy', 'tradeId': '1168174885097418797'}, {'ts': '1714240516924', 'price': '63586.9', 'size': '0.003', 'side': 'buy', 'tradeId': '1168174885097418782'}, {'ts': '1714240516924', 'price': '63586.2', 'size': '0.023', 'side': 'sell', 'tradeId': '1168174885097418754'}, {'ts': '1714240516914', 'price': '63586.2', 'size': '0.001', 'side': 'sell', 'tradeId': '1168174885055475713'}, {'ts': '1714240516867', 'price': '63586.2', 'size': '0.004', 'side': 'sell', 'tradeId': '1168174884858343426'}, {'ts': '1714240516866', 'price': '63586.0', 'size': '0.002', 'side': 'buy', 'tradeId': '1168174884854149174'}, {'ts': '1714240516866', 'price': '63586.0', 'size': '0.015', 'side': 'buy', 'tradeId': '1168174884854149172'}, {'ts': '1714240516866', 'price': '63586.0', 'size': '0.002', 'side': 'buy', 'tradeId': '1168174884854149170'}, {'ts': '1714240516866', 'price': '63585.0', 'size': '0.015', 'side': 'buy', 'tradeId': '1168174884854149168'}, {'ts': '1714240516866', 'price': '63585.0', 'size': '0.029', 'side': 'buy', 'tradeId': '1168174884854149166'}, {'ts': '1714240516866', 'price': '63584.2', 'size': '0.001', 'side': 'buy', 'tradeId': '1168174884854149164'}, {'ts': '1714240516866', 'price': '63583.5', 'size': '0.666', 'side': 'buy', 'tradeId': '1168174884854149162'}, {'ts': '1714240516866', 'price': '63583.3', 'size': '0.002', 'side': 'buy', 'tradeId': '1168174884854149160'}, {'ts': '1714240516866', 'price': '63583.0', 'size': '0.002', 'side': 'buy', 'tradeId': '1168174884854149158'}, {'ts': '1714240516866', 'price': '63583.0', 'size': '0.001', 'side': 'buy', 'tradeId': '1168174884854149156'}, {'ts': '1714240516866', 'price': '63582.0', 'size': '0.004', 'side': 'buy', 'tradeId': '1168174884854149154'}, {'ts': '1714240516866', 'price': '63581.7', 'size': '0.086', 'side': 'buy', 'tradeId': '1168174884854149152'}, {'ts': '1714240516866', 'price': '63580.5', 'size': '0.140', 'side': 'buy', 'tradeId': '1168174884854149150'}, {'ts': '1714240516866', 'price': '63580.3', 'size': '0.001', 'side': 'buy', 'tradeId': '1168174884854149148'}, {'ts': '1714240516866', 'price': '63580.0', 'size': '0.029', 'side': 'buy', 'tradeId': '1168174884854149146'}, {'ts': '1714240516866', 'price': '63580.0', 'size': '0.024', 'side': 'buy', 'tradeId': '1168174884854149144'}, {'ts': '1714240516866', 'price': '63580.0', 'size': '0.001', 'side': 'buy', 'tradeId': '1168174884854149141'}, {'ts': '1714240516866', 'price': '63580.0', 'size': '0.120', 'side': 'buy', 'tradeId': '1168174884854149138'}, {'ts': '1714240516866', 'price': '63580.0', 'size': '0.001', 'side': 'buy', 'tradeId': '1168174884854149136'}, {'ts': '1714240516866', 'price': '63579.5', 'size': '0.002', 'side': 'buy', 'tradeId': '1168174884854149134'}, {'ts': '1714240516866', 'price': '63579.5', 'size': '0.001', 'side': 'buy', 'tradeId': '1168174884854149132'}, {'ts': '1714240516866', 'price': '63579.0', 'size': '0.001', 'side': 'buy', 'tradeId': '1168174884854149130'}, {'ts': '1714240516866', 'price': '63578.9', 'size': '0.005', 'side': 'buy', 'tradeId': '1168174884854149128'}, {'ts': '1714240516866', 'price': '63578.9', 'size': '0.003', 'side': 'buy', 'tradeId': '1168174884854149126'}, {'ts': '1714240516866', 'price': '63578.9', 'size': '0.001', 'side': 'buy', 'tradeId': '1168174884854149124'}, {'ts': '1714240516866', 'price': '63578.9', 'size': '0.003', 'side': 'buy', 'tradeId': '1168174884854149122'}, {'ts': '1714240516814', 'price': '63577.9', 'size': '0.544', 'side': 'buy', 'tradeId': '1168174884636045317'}, {'ts': '1714240516814', 'price': '63577.9', 'size': '0.007', 'side': 'buy', 'tradeId': '1168174884636045315'}, {'ts': '1714240516757', 'price': '63577.8', 'size': '0.005', 'side': 'sell', 'tradeId': '1168174884396969985'}, {'ts': '1714240516686', 'price': '63577.8', 'size': '0.008', 'side': 'sell', 'tradeId': '1168174884099174401'}, {'ts': '1714240516644', 'price': '63577.8', 'size': '0.007', 'side': 'buy', 'tradeId': '1168174883923013645'}, {'ts': '1714240516644', 'price': '63577.6', 'size': '0.500', 'side': 'buy', 'tradeId': '1168174883923013643'}, {'ts': '1714240516644', 'price': '63577.6', 'size': '0.060', 'side': 'buy', 'tradeId': '1168174883923013641'}, {'ts': '1714240516644', 'price': '63577.6', 'size': '0.001', 'side': 'buy', 'tradeId': '1168174883923013639'}, {'ts': '1714240516644', 'price': '63577.0', 'size': '0.002', 'side': 'buy', 'tradeId': '1168174883923013637'}, {'ts': '1714240516228', 'price': '63563.1', 'size': '0.240', 'side': 'sell', 'tradeId': '1168174882178183169'}, {'ts': '1714240515895', 'price': '63561.4', 'size': '0.155', 'side': 'sell', 'tradeId': '1168174880781479937'}, {'ts': '1714240515593', 'price': '63561.4', 'size': '0.001', 'side': 'buy', 'tradeId': '1168174879514800129'}, {'ts': '1714240515159', 'price': '63549.9', 'size': '0.001', 'side': 'buy', 'tradeId': '1168174877694472193'}, {'ts': '1714240515009', 'price': '63549.8', 'size': '0.004', 'side': 'sell', 'tradeId': '1168174877065326593'}, {'ts': '1714240514865', 'price': '63549.9', 'size': '0.181', 'side': 'buy', 'tradeId': '1168174876461346817'}, {'ts': '1714240514781', 'price': '63554.2', 'size': '0.486', 'side': 'sell', 'tradeId': '1168174876109025282'}, {'ts': '1714240514339', 'price': '63559.3', 'size': '0.465', 'side': 'sell', 'tradeId': '1168174874255142912'}, {'ts': '1714240514033', 'price': '63559.4', 'size': '0.008', 'side': 'buy', 'tradeId': '1168174872971685889'}, {'ts': '1714240514001', 'price': '63559.3', 'size': '0.003', 'side': 'sell', 'tradeId': '1168174872837468161'}, {'ts': '1714240513728', 'price': '63553.5', 'size': '3.000', 'side': 'sell', 'tradeId': '1168174871692423170'}, {'ts': '1714240513555', 'price': '63549.5', 'size': '17.720', 'side': 'buy', 'tradeId': '1168174870966808577'}, {'ts': '1714240512864', 'price': '63544.0', 'size': '0.008', 'side': 'buy', 'tradeId': '1168174868068544512'}, {'ts': '1714240512777', 'price': '63543.9', 'size': '0.004', 'side': 'sell', 'tradeId': '1168174867703640065'}, {'ts': '1714240512700', 'price': '63538.3', 'size': '0.001', 'side': 'sell', 'tradeId': '1168174867380678659'}, {'ts': '1714240512699', 'price': '63538.3', 'size': '0.001', 'side': 'sell', 'tradeId': '1168174867376484353'}, {'ts': '1714240512697', 'price': '63538.3', 'size': '0.001', 'side': 'sell', 'tradeId': '1168174867368095745'}, {'ts': '1714240512695', 'price': '63538.3', 'size': '0.001', 'side': 'sell', 'tradeId': '1168174867359707137'}, {'ts': '1714240512694', 'price': '63538.3', 'size': '0.001', 'side': 'sell', 'tradeId': '1168174867355512833'}, {'ts': '1714240512690', 'price': '63538.3', 'size': '0.001', 'side': 'sell', 'tradeId': '1168174867338735621'}, {'ts': '1714240512690', 'price': '63538.3', 'size': '0.001', 'side': 'sell', 'tradeId': '1168174867338735617'}, {'ts': '1714240512688', 'price': '63538.3', 'size': '0.001', 'side': 'sell', 'tradeId': '1168174867330347009'}, {'ts': '1714240512687', 'price': '63538.3', 'size': '0.046', 'side': 'sell', 'tradeId': '1168174867326152705'}, {'ts': '1714240512686', 'price': '63538.3', 'size': '0.001', 'side': 'sell', 'tradeId': '1168174867321958401'}, {'ts': '1714240512578', 'price': '63544.0', 'size': '0.011', 'side': 'buy', 'tradeId': '1168174866868973569'}, {'ts': '1714240512521', 'price': '63544.0', 'size': '0.001', 'side': 'buy', 'tradeId': '1168174866629898245'}, {'ts': '1714240512521', 'price': '63544.0', 'size': '0.001', 'side': 'buy', 'tradeId': '1168174866629898243'}, {'ts': '1714240512521', 'price': '63544.0', 'size': '0.001', 'side': 'buy', 'tradeId': '1168174866629898241'}, {'ts': '1714240512515', 'price': '63544.0', 'size': '0.001', 'side': 'buy', 'tradeId': '1168174866604732429'}, {'ts': '1714240512435', 'price': '63538.3', 'size': '0.005', 'side': 'sell', 'tradeId': '1168174866269188097'}, {'ts': '1714240512291', 'price': '63538.3', 'size': '0.033', 'side': 'sell', 'tradeId': '1168174865665208321'}, {'ts': '1714240512248', 'price': '63544.2', 'size': '0.036', 'side': 'buy', 'tradeId': '1168174865484853249'}, {'ts': '1714240512223', 'price': '63544.2', 'size': '0.002', 'side': 'buy', 'tradeId': '1168174865379995745'}, {'ts': '1714240512223', 'price': '63544.2', 'size': '0.046', 'side': 'buy', 'tradeId': '1168174865379995742'}, {'ts': '1714240511875', 'price': '63536.5', 'size': '0.919', 'side': 'sell', 'tradeId': '1168174863920377857'}, {'ts': '1714240511764', 'price': '63543.9', 'size': '0.003', 'side': 'sell', 'tradeId': '1168174863454810116'}, {'ts': '1714240511705', 'price': '63543.9', 'size': '0.008', 'side': 'sell', 'tradeId': '1168174863207346177'}, {'ts': '1714240510952', 'price': '63557.4', 'size': '0.007', 'side': 'sell', 'tradeId': '1168174860049035335'}, {'ts': '1714240510952', 'price': '63560.0', 'size': '0.786', 'side': 'sell', 'tradeId': '1168174860049035333'}, {'ts': '1714240510441', 'price': '63560.1', 'size': '0.050', 'side': 'buy', 'tradeId': '1168174857905745921'}, {'ts': '1714240510306', 'price': '63560.1', 'size': '0.086', 'side': 'buy', 'tradeId': '1168174857339514883'}, {'ts': '1714240510306', 'price': '63560.1', 'size': '0.160', 'side': 'buy', 'tradeId': '1168174857339514881'}, {'ts': '1714240509911', 'price': '63572.5', 'size': '0.030', 'side': 'buy', 'tradeId': '1168174855682764801'}, {'ts': '1714240509903', 'price': '63572.5', 'size': '0.116', 'side': 'buy', 'tradeId': '1168174855649210369'}, {'ts': '1714240509846', 'price': '63572.5', 'size': '0.136', 'side': 'buy', 'tradeId': '1168174855410135041'}, {'ts': '1714240509539', 'price': '63571.5', 'size': '0.001', 'side': 'sell', 'tradeId': '1168174854122483713'}, {'ts': '1714240509533', 'price': '63572.5', 'size': '0.205', 'side': 'buy', 'tradeId': '1168174854097317894'}, {'ts': '1714240509533', 'price': '63572.0', 'size': '0.031', 'side': 'buy', 'tradeId': '1168174854097317891'}, {'ts': '1714240509492', 'price': '63572.5', 'size': '0.282', 'side': 'buy', 'tradeId': '1168174853925351425'}, {'ts': '1714240509337', 'price': '63571.6', 'size': '0.066', 'side': 'buy', 'tradeId': '1168174853275234326'}, {'ts': '1714240508912', 'price': '63571.6', 'size': '0.461', 'side': 'buy', 'tradeId': '1168174851492655150'}, {'ts': '1714240508912', 'price': '63567.7', 'size': '0.003', 'side': 'buy', 'tradeId': '1168174851492655135'}, {'ts': '1714240508486', 'price': '63554.1', 'size': '0.004', 'side': 'sell', 'tradeId': '1168174849705881601'}, {'ts': '1714240508431', 'price': '63548.5', 'size': '0.181', 'side': 'sell', 'tradeId': '1168174849475194884'}, {'ts': '1714240508431', 'price': '63554.1', 'size': '0.031', 'side': 'sell', 'tradeId': '1168174849475194881'}, {'ts': '1714240507272', 'price': '63548.5', 'size': '0.003', 'side': 'sell', 'tradeId': '1168174844613996545'}, {'ts': '1714240506995', 'price': '63554.2', 'size': '0.400', 'side': 'buy', 'tradeId': '1168174843452174339'}, {'ts': '1714240506937', 'price': '63554.2', 'size': '0.367', 'side': 'buy', 'tradeId': '1168174843208904705'}, {'ts': '1714240506787', 'price': '63554.2', 'size': '0.914', 'side': 'buy', 'tradeId': '1168174842579759109'}, {'ts': '1714240506787', 'price': '63551.1', 'size': '0.200', 'side': 'buy', 'tradeId': '1168174842579759105'}, {'ts': '1714240506506', 'price': '63550.7', 'size': '0.090', 'side': 'buy', 'tradeId': '1168174841401159683'}, {'ts': '1714240506506', 'price': '63548.6', 'size': '0.005', 'side': 'buy', 'tradeId': '1168174841401159681'}, {'ts': '1714240506314', 'price': '63550.7', 'size': '0.005', 'side': 'buy', 'tradeId': '1168174840595853313'}, {'ts': '1714240506183', 'price': '63551.1', 'size': '0.032', 'side': 'buy', 'tradeId': '1168174840046399489'}, {'ts': '1714240505823', 'price': '63556.1', 'size': '0.001', 'side': 'buy', 'tradeId': '1168174838536450049'}, {'ts': '1714240505740', 'price': '63565.4', 'size': '0.675', 'side': 'buy', 'tradeId': '1168174838188322817'}, {'ts': '1714240505541', 'price': '63557.4', 'size': '0.010', 'side': 'buy', 'tradeId': '1168174837353656329'}, {'ts': '1714240505541', 'price': '63556.1', 'size': '0.009', 'side': 'buy', 'tradeId': '1168174837353656326'}, {'ts': '1714240505035', 'price': '63554.6', 'size': '1.187', 'side': 'buy', 'tradeId': '1168174835231338501'}, {'ts': '1714240504829', 'price': '63554.6', 'size': '0.019', 'side': 'buy', 'tradeId': '1168174834367311875'}, {'ts': '1714240504829', 'price': '63550.0', 'size': '0.010', 'side': 'buy', 'tradeId': '1168174834367311873'}, {'ts': '1714240504046', 'price': '63543.9', 'size': '0.047', 'side': 'buy', 'tradeId': '1168174831083171841'}, {'ts': '1714240503951', 'price': '63538.2', 'size': '0.012', 'side': 'sell', 'tradeId': '1168174830684712961'}, {'ts': '1714240503737', 'price': '63539.7', 'size': '0.021', 'side': 'sell', 'tradeId': '1168174829787131910'}, {'ts': '1714240503737', 'price': '63539.7', 'size': '0.120', 'side': 'sell', 'tradeId': '1168174829787131908'}, {'ts': '1714240503737', 'price': '63543.7', 'size': '0.013', 'side': 'sell', 'tradeId': '1168174829787131905'}, {'ts': '1714240503337', 'price': '63531.1', 'size': '0.012', 'side': 'buy', 'tradeId': '1168174828109410306'}, {'ts': '1714240503184', 'price': '63530.1', 'size': '0.036', 'side': 'buy', 'tradeId': '1168174827467681798'}, {'ts': '1714240503184', 'price': '63530.1', 'size': '0.040', 'side': 'buy', 'tradeId': '1168174827467681796'}, {'ts': '1714240503184', 'price': '63530.0', 'size': '0.889', 'side': 'buy', 'tradeId': '1168174827467681794'}, {'ts': '1714240503100', 'price': '63530.0', 'size': '0.004', 'side': 'buy', 'tradeId': '1168174827115360257'}, {'ts': '1714240502966', 'price': '63527.5', 'size': '37.898', 'side': 'sell', 'tradeId': '1168174826553323521'}, {'ts': '1714240502911', 'price': '63524.6', 'size': '0.002', 'side': 'sell', 'tradeId': '1168174826322636802'}, {'ts': '1714240502793', 'price': '63524.6', 'size': '0.004', 'side': 'sell', 'tradeId': '1168174825827709032'}, {'ts': '1714240502570', 'price': '63530.0', 'size': '0.019', 'side': 'buy', 'tradeId': '1168174824892379137'}, {'ts': '1714240502549', 'price': '63523.5', 'size': '0.041', 'side': 'buy', 'tradeId': '1168174824804298755'}, {'ts': '1714240502228', 'price': '63501.7', 'size': '0.013', 'side': 'buy', 'tradeId': '1168174823457927177'}, {'ts': '1714240502038', 'price': '63501.6', 'size': '0.010', 'side': 'sell', 'tradeId': '1168174822661009409'}, {'ts': '1714240502010', 'price': '63501.7', 'size': '0.008', 'side': 'buy', 'tradeId': '1168174822543568897'}, {'ts': '1714240502005', 'price': '63501.6', 'size': '0.093', 'side': 'sell', 'tradeId': '1168174822522597377'}, {'ts': '1714240501593', 'price': '63501.6', 'size': '0.250', 'side': 'sell', 'tradeId': '1168174820794544129'}, {'ts': '1714240501204', 'price': '63506.1', 'size': '0.011', 'side': 'sell', 'tradeId': '1168174819162959873'}, {'ts': '1714240500952', 'price': '63507.2', 'size': '0.015', 'side': 'sell', 'tradeId': '1168174818105995265'}, {'ts': '1714240500538', 'price': '63492.1', 'size': '0.005', 'side': 'sell', 'tradeId': '1168174816369553409'}, {'ts': '1714240500522', 'price': '63492.1', 'size': '0.006', 'side': 'sell', 'tradeId': '1168174816302444545'}, {'ts': '1714240500516', 'price': '63492.1', 'size': '0.079', 'side': 'sell', 'tradeId': '1168174816277278726'}, {'ts': '1714240500516', 'price': '63492.1', 'size': '0.010', 'side': 'sell', 'tradeId': '1168174816277278721'}, {'ts': '1714240500515', 'price': '63492.1', 'size': '0.005', 'side': 'sell', 'tradeId': '1168174816273084417'}, {'ts': '1714240500509', 'price': '63492.1', 'size': '0.049', 'side': 'sell', 'tradeId': '1168174816247918595'}, {'ts': '1714240500507', 'price': '63492.1', 'size': '0.008', 'side': 'sell', 'tradeId': '1168174816239529985'}, {'ts': '1714240500505', 'price': '63492.1', 'size': '0.018', 'side': 'sell', 'tradeId': '1168174816231141377'}, {'ts': '1714240500503', 'price': '63492.1', 'size': '0.004', 'side': 'sell', 'tradeId': '1168174816222752773'}, {'ts': '1714240500503', 'price': '63492.1', 'size': '0.003', 'side': 'sell', 'tradeId': '1168174816222752769'}, {'ts': '1714240500499', 'price': '63492.1', 'size': '0.002', 'side': 'sell', 'tradeId': '1168174816205975608'}, {'ts': '1714240500499', 'price': '63492.1', 'size': '0.002', 'side': 'sell', 'tradeId': '1168174816205975553'}, {'ts': '1714240500498', 'price': '63492.1', 'size': '0.002', 'side': 'sell', 'tradeId': '1168174816201781249'}, {'ts': '1714240500497', 'price': '63492.1', 'size': '0.002', 'side': 'sell', 'tradeId': '1168174816197586945'}, {'ts': '1714240500496', 'price': '63492.1', 'size': '0.001', 'side': 'sell', 'tradeId': '1168174816193392641'}, {'ts': '1714240500389', 'price': '63497.8', 'size': '0.027', 'side': 'buy', 'tradeId': '1168174815744602220'}, {'ts': '1714240499878', 'price': '63497.8', 'size': '0.047', 'side': 'buy', 'tradeId': '1168174813601312774'}, {'ts': '1714240499878', 'price': '63497.7', 'size': '0.003', 'side': 'buy', 'tradeId': '1168174813601312770'}, {'ts': '1714240499545', 'price': '63500.0', 'size': '0.248', 'side': 'sell', 'tradeId': '1168174812204609603'}, {'ts': '1714240499545', 'price': '63500.0', 'size': '0.119', 'side': 'sell', 'tradeId': '1168174812204609601'}, {'ts': '1714240499311', 'price': '63500.0', 'size': '0.881', 'side': 'sell', 'tradeId': '1168174811223142403'}, {'ts': '1714240499311', 'price': '63500.0', 'size': '0.134', 'side': 'sell', 'tradeId': '1168174811223142401'}, {'ts': '1714240499265', 'price': '63500.0', 'size': '0.003', 'side': 'sell', 'tradeId': '1168174811030204417'}, {'ts': '1714240499190', 'price': '63503.8', 'size': '0.026', 'side': 'sell', 'tradeId': '1168174810715631629'}, {'ts': '1714240498774', 'price': '63510.2', 'size': '0.014', 'side': 'buy', 'tradeId': '1168174808970801153'}, {'ts': '1714240498225', 'price': '63510.1', 'size': '0.003', 'side': 'sell', 'tradeId': '1168174806668128257'}, {'ts': '1714240498158', 'price': '63510.1', 'size': '0.022', 'side': 'sell', 'tradeId': '1168174806387109889'}, {'ts': '1714240498133', 'price': '63510.1', 'size': '0.015', 'side': 'sell', 'tradeId': '1168174806282252292'}, {'ts': '1714240498133', 'price': '63510.1', 'size': '0.025', 'side': 'sell', 'tradeId': '1168174806282252289'}, {'ts': '1714240498029', 'price': '63515.8', 'size': '0.007', 'side': 'buy', 'tradeId': '1168174805846044673'}, {'ts': '1714240497989', 'price': '63515.8', 'size': '0.007', 'side': 'buy', 'tradeId': '1168174805678272513'}, {'ts': '1714240497750', 'price': '63515.8', 'size': '0.184', 'side': 'buy', 'tradeId': '1168174804675833859'}, {'ts': '1714240497750', 'price': '63515.7', 'size': '0.003', 'side': 'buy', 'tradeId': '1168174804675833857'}, {'ts': '1714240497406', 'price': '63510.1', 'size': '0.005', 'side': 'sell', 'tradeId': '1168174803232993320'}, {'ts': '1714240497406', 'price': '63510.2', 'size': '0.001', 'side': 'sell', 'tradeId': '1168174803232993318'}, {'ts': '1714240497069', 'price': '63510.1', 'size': '0.007', 'side': 'sell', 'tradeId': '1168174801819512833'}, {'ts': '1714240497059', 'price': '63510.1', 'size': '0.001', 'side': 'sell', 'tradeId': '1168174801777569802'}, {'ts': '1714240497059', 'price': '63510.1', 'size': '0.001', 'side': 'sell', 'tradeId': '1168174801777569798'}, {'ts': '1714240497059', 'price': '63510.1', 'size': '0.001', 'side': 'sell', 'tradeId': '1168174801777569794'}, {'ts': '1714240497058', 'price': '63510.1', 'size': '0.001', 'side': 'sell', 'tradeId': '1168174801773375545'}, {'ts': '1714240497058', 'price': '63510.1', 'size': '0.001', 'side': 'sell', 'tradeId': '1168174801773375494'}, {'ts': '1714240497058', 'price': '63510.1', 'size': '0.001', 'side': 'sell', 'tradeId': '1168174801773375489'}, {'ts': '1714240497057', 'price': '63510.1', 'size': '0.001', 'side': 'sell', 'tradeId': '1168174801769181189'}, {'ts': '1714240497057', 'price': '63510.1', 'size': '0.001', 'side': 'sell', 'tradeId': '1168174801769181185'}, {'ts': '1714240497056', 'price': '63510.1', 'size': '0.001', 'side': 'sell', 'tradeId': '1168174801764986932'}, {'ts': '1714240497056', 'price': '63510.1', 'size': '0.001', 'side': 'sell', 'tradeId': '1168174801764986927'}, {'ts': '1714240497056', 'price': '63510.1', 'size': '0.001', 'side': 'sell', 'tradeId': '1168174801764986923'}, {'ts': '1714240497056', 'price': '63510.1', 'size': '0.001', 'side': 'sell', 'tradeId': '1168174801764986918'}, {'ts': '1714240497056', 'price': '63510.1', 'size': '0.004', 'side': 'sell', 'tradeId': '1168174801764986914'}, {'ts': '1714240497056', 'price': '63510.1', 'size': '0.001', 'side': 'sell', 'tradeId': '1168174801764986909'}, {'ts': '1714240497056', 'price': '63510.1', 'size': '0.001', 'side': 'sell', 'tradeId': '1168174801764986904'}, {'ts': '1714240497055', 'price': '63510.1', 'size': '0.001', 'side': 'sell', 'tradeId': '1168174801760792582'}, {'ts': '1714240497055', 'price': '63510.1', 'size': '0.001', 'side': 'sell', 'tradeId': '1168174801760792578'}, {'ts': '1714240497054', 'price': '63510.1', 'size': '0.002', 'side': 'sell', 'tradeId': '1168174801756598273'}, {'ts': '1714240496954', 'price': '63509.3', 'size': '0.118', 'side': 'buy', 'tradeId': '1168174801337167877'}, {'ts': '1714240496910', 'price': '63506.0', 'size': '0.005', 'side': 'sell', 'tradeId': '1168174801152618500'}, {'ts': '1714240496893', 'price': '63506.7', 'size': '0.003', 'side': 'sell', 'tradeId': '1168174801081315329'}, {'ts': '1714240496193', 'price': '63512.6', 'size': '0.029', 'side': 'sell', 'tradeId': '1168174798145302529'}, {'ts': '1714240496051', 'price': '63521.6', 'size': '0.012', 'side': 'sell', 'tradeId': '1168174797549711440'}, {'ts': '1714240495866', 'price': '63521.8', 'size': '0.001', 'side': 'sell', 'tradeId': '1168174796773765121'}, {'ts': '1714240495864', 'price': '63521.8', 'size': '0.001', 'side': 'sell', 'tradeId': '1168174796765376517'}, {'ts': '1714240495864', 'price': '63521.8', 'size': '0.001', 'side': 'sell', 'tradeId': '1168174796765376513'}, {'ts': '1714240495861', 'price': '63521.8', 'size': '0.001', 'side': 'sell', 'tradeId': '1168174796752793613'}, {'ts': '1714240495861', 'price': '63521.8', 'size': '0.001', 'side': 'sell', 'tradeId': '1168174796752793609'}, {'ts': '1714240495861', 'price': '63521.8', 'size': '0.001', 'side': 'sell', 'tradeId': '1168174796752793605'}, {'ts': '1714240495861', 'price': '63521.8', 'size': '0.001', 'side': 'sell', 'tradeId': '1168174796752793601'}, {'ts': '1714240495859', 'price': '63521.8', 'size': '0.001', 'side': 'sell', 'tradeId': '1168174796744404993'}, {'ts': '1714240495858', 'price': '63521.8', 'size': '0.001', 'side': 'sell', 'tradeId': '1168174796740210710'}, {'ts': '1714240495857', 'price': '63521.8', 'size': '0.004', 'side': 'sell', 'tradeId': '1168174796736016386'}, {'ts': '1714240495856', 'price': '63521.8', 'size': '0.001', 'side': 'sell', 'tradeId': '1168174796731822117'}, {'ts': '1714240495856', 'price': '63521.8', 'size': '0.001', 'side': 'sell', 'tradeId': '1168174796731822087'}, {'ts': '1714240495856', 'price': '63521.8', 'size': '0.001', 'side': 'sell', 'tradeId': '1168174796731822081'}, {'ts': '1714240495854', 'price': '63521.8', 'size': '0.001', 'side': 'sell', 'tradeId': '1168174796723433482'}, {'ts': '1714240495854', 'price': '63521.8', 'size': '0.001', 'side': 'sell', 'tradeId': '1168174796723433478'}, {'ts': '1714240495854', 'price': '63521.8', 'size': '0.001', 'side': 'sell', 'tradeId': '1168174796723433474'}, {'ts': '1714240495853', 'price': '63521.8', 'size': '0.001', 'side': 'sell', 'tradeId': '1168174796719239170'}, {'ts': '1714240495849', 'price': '63521.8', 'size': '0.002', 'side': 'sell', 'tradeId': '1168174796702461953'}, {'ts': '1714240495787', 'price': '63521.9', 'size': '0.008', 'side': 'buy', 'tradeId': '1168174796442415105'}, {'ts': '1714240495752', 'price': '63521.9', 'size': '0.001', 'side': 'buy', 'tradeId': '1168174796295614466'}, {'ts': '1714240495627', 'price': '63521.8', 'size': '0.005', 'side': 'sell', 'tradeId': '1168174795771326465'}, {'ts': '1714240495425', 'price': '63522.8', 'size': '0.009', 'side': 'sell', 'tradeId': '1168174794924077057'}, {'ts': '1714240495127', 'price': '63524.9', 'size': '0.030', 'side': 'sell', 'tradeId': '1168174793674174466'}, {'ts': '1714240495014', 'price': '63525.0', 'size': '0.025', 'side': 'buy', 'tradeId': '1168174793200218113'}, {'ts': '1714240495010', 'price': '63525.0', 'size': '0.028', 'side': 'buy', 'tradeId': '1168174793183440897'}, {'ts': '1714240494877', 'price': '63524.9', 'size': '0.003', 'side': 'sell', 'tradeId': '1168174792625598466'}, {'ts': '1714240494853', 'price': '63524.9', 'size': '0.026', 'side': 'sell', 'tradeId': '1168174792524935171'}, {'ts': '1714240494504', 'price': '63524.9', 'size': '0.005', 'side': 'sell', 'tradeId': '1168174791061123073'}, {'ts': '1714240494443', 'price': '63528.4', 'size': '0.005', 'side': 'buy', 'tradeId': '1168174790805270530'}, {'ts': '1714240494001', 'price': '63524.9', 'size': '0.001', 'side': 'sell', 'tradeId': '1168174788951388161'}, {'ts': '1714240493999', 'price': '63524.9', 'size': '0.001', 'side': 'sell', 'tradeId': '1168174788942999557'}, {'ts': '1714240493998', 'price': '63524.9', 'size': '0.001', 'side': 'sell', 'tradeId': '1168174788938805257'}, {'ts': '1714240493981', 'price': '63524.9', 'size': '0.001', 'side': 'sell', 'tradeId': '1168174788867502131'}, {'ts': '1714240493977', 'price': '63524.9', 'size': '0.001', 'side': 'sell', 'tradeId': '1168174788850724869'}, {'ts': '1714240493977', 'price': '63524.9', 'size': '0.001', 'side': 'sell', 'tradeId': '1168174788850724865'}, {'ts': '1714240493973', 'price': '63524.9', 'size': '0.001', 'side': 'sell', 'tradeId': '1168174788833947649'}, {'ts': '1714240493970', 'price': '63524.9', 'size': '0.001', 'side': 'sell', 'tradeId': '1168174788821364737'}, {'ts': '1714240493967', 'price': '63524.9', 'size': '0.001', 'side': 'sell', 'tradeId': '1168174788808781861'}, {'ts': '1714240493967', 'price': '63524.9', 'size': '0.001', 'side': 'sell', 'tradeId': '1168174788808781854'}, {'ts': '1714240493967', 'price': '63524.9', 'size': '0.001', 'side': 'sell', 'tradeId': '1168174788808781825'}, {'ts': '1714240493966', 'price': '63524.9', 'size': '0.001', 'side': 'sell', 'tradeId': '1168174788804587526'}, {'ts': '1714240493966', 'price': '63524.9', 'size': '0.001', 'side': 'sell', 'tradeId': '1168174788804587521'}, {'ts': '1714240493964', 'price': '63524.9', 'size': '0.001', 'side': 'sell', 'tradeId': '1168174788796198914'}, {'ts': '1714240493962', 'price': '63524.9', 'size': '0.001', 'side': 'sell', 'tradeId': '1168174788787810305'}, {'ts': '1714240493961', 'price': '63524.9', 'size': '0.001', 'side': 'sell', 'tradeId': '1168174788783616001'}, {'ts': '1714240493959', 'price': '63524.9', 'size': '0.001', 'side': 'sell', 'tradeId': '1168174788775227393'}, {'ts': '1714240493954', 'price': '63524.9', 'size': '0.002', 'side': 'sell', 'tradeId': '1168174788754255879'}, {'ts': '1714240493953', 'price': '63524.9', 'size': '0.001', 'side': 'sell', 'tradeId': '1168174788750061594'}