1714186130.8124104 [{'ts': '1714186128812', 'price': '62903.0', 'size': '0.008', 'side': 'sell', 'tradeId': '1167946764821704706'}, {'ts': '1714186128732', 'price': '62903.6', 'size': '0.100', 'side': 'buy', 'tradeId': '1167946764486160387'}, {'ts': '1714186128693', 'price': '62903.0', 'size': '0.003', 'side': 'sell', 'tradeId': '1167946764322582529'}, {'ts': '1714186128434', 'price': '62903.6', 'size': '1.309', 'side': 'buy', 'tradeId': '1167946763236257801'}, {'ts': '1714186128434', 'price': '62902.2', 'size': '1.000', 'side': 'buy', 'tradeId': '1167946763236257799'}, {'ts': '1714186128434', 'price': '62902.2', 'size': '0.007', 'side': 'buy', 'tradeId': '1167946763236257797'}, {'ts': '1714186128434', 'price': '62899.8', 'size': '0.400', 'side': 'buy', 'tradeId': '1167946763236257795'}, {'ts': '1714186128433', 'price': '62899.8', 'size': '0.266', 'side': 'buy', 'tradeId': '1167946763236257792'}, {'ts': '1714186128369', 'price': '62899.8', 'size': '2.982', 'side': 'buy', 'tradeId': '1167946762963628032'}, {'ts': '1714186127451', 'price': '62899.7', 'size': '0.010', 'side': 'sell', 'tradeId': '1167946759113256961'}, {'ts': '1714186126875', 'price': '62898.2', 'size': '0.004', 'side': 'buy', 'tradeId': '1167946756697337857'}, {'ts': '1714186126710', 'price': '62898.2', 'size': '0.003', 'side': 'buy', 'tradeId': '1167946756005277697'}, {'ts': '1714186125715', 'price': '62898.2', 'size': '0.017', 'side': 'buy', 'tradeId': '1167946751831945217'}, {'ts': '1714186125508', 'price': '62898.1', 'size': '0.022', 'side': 'sell', 'tradeId': '1167946750963724332'}, {'ts': '1714186125228', 'price': '62899.8', 'size': '0.087', 'side': 'buy', 'tradeId': '1167946749789319171'}, {'ts': '1714186125228', 'price': '62898.2', 'size': '0.050', 'side': 'buy', 'tradeId': '1167946749789319169'}, {'ts': '1714186124869', 'price': '62899.8', 'size': '0.007', 'side': 'buy', 'tradeId': '1167946748283564033'}, {'ts': '1714186124831', 'price': '62899.8', 'size': '0.029', 'side': 'buy', 'tradeId': '1167946748124180481'}, {'ts': '1714186124728', 'price': '62899.8', 'size': '0.091', 'side': 'buy', 'tradeId': '1167946747692167172'}, {'ts': '1714186124728', 'price': '62898.2', 'size': '0.040', 'side': 'buy', 'tradeId': '1167946747692167169'}, {'ts': '1714186124330', 'price': '62899.8', 'size': '0.004', 'side': 'buy', 'tradeId': '1167946746022834179'}, {'ts': '1714186123822', 'price': '62899.8', 'size': '0.088', 'side': 'buy', 'tradeId': '1167946743892127760'}, {'ts': '1714186123094', 'price': '62899.7', 'size': '0.014', 'side': 'sell', 'tradeId': '1167946740838674433'}, {'ts': '1714186122992', 'price': '62899.7', 'size': '0.046', 'side': 'sell', 'tradeId': '1167946740410855425'}, {'ts': '1714186122701', 'price': '62899.7', 'size': '0.001', 'side': 'sell', 'tradeId': '1167946739190312961'}, {'ts': '1714186122633', 'price': '62899.7', 'size': '0.001', 'side': 'sell', 'tradeId': '1167946738905100289'}, {'ts': '1714186122493', 'price': '62899.8', 'size': '0.002', 'side': 'buy', 'tradeId': '1167946738317897789'}, {'ts': '1714186122138', 'price': '62899.7', 'size': '0.025', 'side': 'sell', 'tradeId': '1167946736828919809'}, {'ts': '1714186122097', 'price': '62899.8', 'size': '0.980', 'side': 'buy', 'tradeId': '1167946736656953345'}, {'ts': '1714186121335', 'price': '62899.8', 'size': '0.245', 'side': 'buy', 'tradeId': '1167946733460893697'}, {'ts': '1714186120527', 'price': '62899.7', 'size': '14.638', 'side': 'sell', 'tradeId': '1167946730071896066'}, {'ts': '1714186119686', 'price': '62899.8', 'size': '0.001', 'side': 'buy', 'tradeId': '1167946726544486401'}, {'ts': '1714186119153', 'price': '62899.8', 'size': '0.020', 'side': 'sell', 'tradeId': '1167946724308922372'}, {'ts': '1714186119153', 'price': '62902.1', 'size': '0.007', 'side': 'sell', 'tradeId': '1167946724308922370'}, {'ts': '1714186117733', 'price': '62902.1', 'size': '0.033', 'side': 'sell', 'tradeId': '1167946718353010696'}, {'ts': '1714186117733', 'price': '62902.1', 'size': '0.047', 'side': 'sell', 'tradeId': '1167946718353010694'}, {'ts': '1714186117733', 'price': '62902.1', 'size': '0.060', 'side': 'sell', 'tradeId': '1167946718353010691'}, {'ts': '1714186117733', 'price': '62902.1', 'size': '0.060', 'side': 'sell', 'tradeId': '1167946718353010689'}, {'ts': '1714186117720', 'price': '62902.2', 'size': '0.004', 'side': 'buy', 'tradeId': '1167946718298484737'}, {'ts': '1714186116734', 'price': '62899.8', 'size': '0.276', 'side': 'sell', 'tradeId': '1167946714162900993'}, {'ts': '1714186116095', 'price': '62899.8', 'size': '0.028', 'side': 'sell', 'tradeId': '1167946711482740737'}, {'ts': '1714186115482', 'price': '62898.0', 'size': '0.068', 'side': 'sell', 'tradeId': '1167946708911632385'}, {'ts': '1714186114887', 'price': '62898.2', 'size': '0.060', 'side': 'sell', 'tradeId': '1167946706416021505'}, {'ts': '1714186114716', 'price': '62897.6', 'size': '0.184', 'side': 'sell', 'tradeId': '1167946705698795521'}, {'ts': '1714186114711', 'price': '62897.6', 'size': '0.155', 'side': 'sell', 'tradeId': '1167946705677824005'}, {'ts': '1714186114711', 'price': '62897.6', 'size': '0.276', 'side': 'sell', 'tradeId': '1167946705677824003'}, {'ts': '1714186114711', 'price': '62897.6', 'size': '0.256', 'side': 'sell', 'tradeId': '1167946705677824001'}, {'ts': '1714186114518', 'price': '62897.7', 'size': '0.050', 'side': 'buy', 'tradeId': '1167946704868323329'}, {'ts': '1714186114451', 'price': '62888.0', 'size': '0.236', 'side': 'sell', 'tradeId': '1167946704587304967'}, {'ts': '1714186114451', 'price': '62888.0', 'size': '0.010', 'side': 'sell', 'tradeId': '1167946704587304964'}, {'ts': '1714186114451', 'price': '62888.0', 'size': '0.008', 'side': 'sell', 'tradeId': '1167946704587304962'}, {'ts': '1714186114451', 'price': '62888.9', 'size': '0.004', 'side': 'sell', 'tradeId': '1167946704587304960'}, {'ts': '1714186114405', 'price': '62889.1', 'size': '0.010', 'side': 'buy', 'tradeId': '1167946704394366977'}, {'ts': '1714186114350', 'price': '62890.0', 'size': '0.001', 'side': 'sell', 'tradeId': '1167946704163680342'}, {'ts': '1714186114350', 'price': '62890.0', 'size': '0.100', 'side': 'sell', 'tradeId': '1167946704163680340'}, {'ts': '1714186114350', 'price': '62890.0', 'size': '0.010', 'side': 'sell', 'tradeId': '1167946704163680338'}, {'ts': '1714186114350', 'price': '62890.9', 'size': '0.001', 'side': 'sell', 'tradeId': '1167946704163680336'}, {'ts': '1714186114350', 'price': '62891.6', 'size': '0.016', 'side': 'sell', 'tradeId': '1167946704163680334'}, {'ts': '1714186114350', 'price': '62891.7', 'size': '0.001', 'side': 'sell', 'tradeId': '1167946704163680332'}, {'ts': '1714186114308', 'price': '62892.3', 'size': '0.271', 'side': 'buy', 'tradeId': '1167946703987519489'}, {'ts': '1714186114177', 'price': '62892.2', 'size': '0.598', 'side': 'sell', 'tradeId': '1167946703438065665'}, {'ts': '1714186114058', 'price': '62892.2', 'size': '0.030', 'side': 'sell', 'tradeId': '1167946702938943489'}, {'ts': '1714186113981', 'price': '62892.2', 'size': '0.020', 'side': 'sell', 'tradeId': '1167946702615982081'}, {'ts': '1714186113979', 'price': '62892.2', 'size': '0.010', 'side': 'sell', 'tradeId': '1167946702607593473'}, {'ts': '1714186113973', 'price': '62892.2', 'size': '0.006', 'side': 'sell', 'tradeId': '1167946702582427653'}, {'ts': '1714186113973', 'price': '62892.2', 'size': '0.023', 'side': 'sell', 'tradeId': '1167946702582427649'}, {'ts': '1714186113970', 'price': '62892.2', 'size': '0.001', 'side': 'sell', 'tradeId': '1167946702569844741'}, {'ts': '1714186113970', 'price': '62892.2', 'size': '0.032', 'side': 'sell', 'tradeId': '1167946702569844737'}, {'ts': '1714186113969', 'price': '62892.2', 'size': '0.159', 'side': 'sell', 'tradeId': '1167946702565650434'}, {'ts': '1714186113967', 'price': '62892.2', 'size': '0.030', 'side': 'sell', 'tradeId': '1167946702557261825'}, {'ts': '1714186113966', 'price': '62892.2', 'size': '0.352', 'side': 'sell', 'tradeId': '1167946702553067530'}, {'ts': '1714186113966', 'price': '62892.2', 'size': '0.023', 'side': 'sell', 'tradeId': '1167946702553067525'}, {'ts': '1714186113966', 'price': '62892.2', 'size': '0.158', 'side': 'sell', 'tradeId': '1167946702553067521'}, {'ts': '1714186113964', 'price': '62898.9', 'size': '0.677', 'side': 'buy', 'tradeId': '1167946702544678913'}, {'ts': '1714186113962', 'price': '62892.2', 'size': '0.033', 'side': 'sell', 'tradeId': '1167946702536290305'}, {'ts': '1714186113958', 'price': '62892.2', 'size': '0.030', 'side': 'sell', 'tradeId': '1167946702519513089'}, {'ts': '1714186113957', 'price': '62892.2', 'size': '0.003', 'side': 'sell', 'tradeId': '1167946702515318785'}, {'ts': '1714186113956', 'price': '62892.2', 'size': '0.729', 'side': 'sell', 'tradeId': '1167946702511124482'}, {'ts': '1714186113955', 'price': '62892.2', 'size': '0.150', 'side': 'sell', 'tradeId': '1167946702506930177'}, {'ts': '1714186113954', 'price': '62892.2', 'size': '0.046', 'side': 'sell', 'tradeId': '1167946702502735881'}, {'ts': '1714186113954', 'price': '62892.5', 'size': '0.001', 'side': 'sell', 'tradeId': '1167946702502735879'}, {'ts': '1714186113954', 'price': '62895.3', 'size': '0.002', 'side': 'sell', 'tradeId': '1167946702502735877'}, {'ts': '1714186113954', 'price': '62895.5', 'size': '0.001', 'side': 'sell', 'tradeId': '1167946702502735875'}, {'ts': '1714186113954', 'price': '62895.7', 'size': '0.010', 'side': 'sell', 'tradeId': '1167946702502735873'}, {'ts': '1714186113953', 'price': '62895.7', 'size': '0.021', 'side': 'sell', 'tradeId': '1167946702498541575'}, {'ts': '1714186113953', 'price': '62897.3', 'size': '0.001', 'side': 'sell', 'tradeId': '1167946702498541573'}, {'ts': '1714186113953', 'price': '62897.3', 'size': '0.001', 'side': 'sell', 'tradeId': '1167946702498541571'}, {'ts': '1714186113953', 'price': '62898.2', 'size': '0.001', 'side': 'sell', 'tradeId': '1167946702498541569'}, {'ts': '1714186113865', 'price': '62899.0', 'size': '0.005', 'side': 'sell', 'tradeId': '1167946702129442887'}, {'ts': '1714186113865', 'price': '62899.7', 'size': '0.002', 'side': 'sell', 'tradeId': '1167946702129442885'}, {'ts': '1714186113865', 'price': '62900.0', 'size': '0.032', 'side': 'sell', 'tradeId': '1167946702129442883'}, {'ts': '1714186113865', 'price': '62900.0', 'size': '0.053', 'side': 'sell', 'tradeId': '1167946702129442881'}, {'ts': '1714186113865', 'price': '62900.0', 'size': '0.145', 'side': 'sell', 'tradeId': '1167946702129442879'}, {'ts': '1714186113865', 'price': '62900.0', 'size': '0.142', 'side': 'sell', 'tradeId': '1167946702129442876'}, {'ts': '1714186113865', 'price': '62900.0', 'size': '0.001', 'side': 'sell', 'tradeId': '1167946702129442873'}, {'ts': '1714186113865', 'price': '62900.0', 'size': '0.012', 'side': 'sell', 'tradeId': '1167946702129442871'}, {'ts': '1714186113865', 'price': '62900.0', 'size': '0.002', 'side': 'sell', 'tradeId': '1167946702129442869'}, {'ts': '1714186113865', 'price': '62900.0', 'size': '0.004', 'side': 'sell', 'tradeId': '1167946702129442867'}, {'ts': '1714186113865', 'price': '62900.0', 'size': '0.011', 'side': 'sell', 'tradeId': '1167946702129442865'}, {'ts': '1714186113865', 'price': '62900.0', 'size': '0.015', 'side': 'sell', 'tradeId': '1167946702129442863'}, {'ts': '1714186113865', 'price': '62900.0', 'size': '0.002', 'side': 'sell', 'tradeId': '1167946702129442861'}, {'ts': '1714186113865', 'price': '62900.0', 'size': '0.001', 'side': 'sell', 'tradeId': '1167946702129442859'}, {'ts': '1714186113865', 'price': '62900.0', 'size': '0.311', 'side': 'sell', 'tradeId': '1167946702129442857'}, {'ts': '1714186113865', 'price': '62900.0', 'size': '0.001', 'side': 'sell', 'tradeId': '1167946702129442855'}, {'ts': '1714186113865', 'price': '62900.0', 'size': '0.001', 'side': 'sell', 'tradeId': '1167946702129442853'}, {'ts': '1714186113865', 'price': '62900.0', 'size': '0.001', 'side': 'sell', 'tradeId': '1167946702129442851'}, {'ts': '1714186113865', 'price': '62900.0', 'size': '0.013', 'side': 'sell', 'tradeId': '1167946702129442849'}, {'ts': '1714186113865', 'price': '62900.0', 'size': '0.001', 'side': 'sell', 'tradeId': '1167946702129442847'}, {'ts': '1714186113865', 'price': '62900.0', 'size': '0.006', 'side': 'sell', 'tradeId': '1167946702129442845'}, {'ts': '1714186113865', 'price': '62900.0', 'size': '0.030', 'side': 'sell', 'tradeId': '1167946702129442843'}, {'ts': '1714186113865', 'price': '62900.0', 'size': '0.060', 'side': 'sell', 'tradeId': '1167946702129442841'}, {'ts': '1714186113865', 'price': '62900.0', 'size': '0.007', 'side': 'sell', 'tradeId': '1167946702129442839'}, {'ts': '1714186113865', 'price': '62900.0', 'size': '0.001', 'side': 'sell', 'tradeId': '1167946702129442837'}, {'ts': '1714186113865', 'price': '62900.0', 'size': '0.005', 'side': 'sell', 'tradeId': '1167946702129442835'}, {'ts': '1714186113865', 'price': '62900.0', 'size': '0.007', 'side': 'sell', 'tradeId': '1167946702129442832'}, {'ts': '1714186113865', 'price': '62900.0', 'size': '0.003', 'side': 'sell', 'tradeId': '1167946702129442830'}, {'ts': '1714186113865', 'price': '62900.0', 'size': '0.050', 'side': 'sell', 'tradeId': '1167946702129442827'}, {'ts': '1714186113865', 'price': '62900.4', 'size': '0.001', 'side': 'sell', 'tradeId': '1167946702129442825'}, {'ts': '1714186113865', 'price': '62901.7', 'size': '0.001', 'side': 'sell', 'tradeId': '1167946702129442823'}, {'ts': '1714186113865', 'price': '62901.7', 'size': '0.001', 'side': 'sell', 'tradeId': '1167946702129442821'}, {'ts': '1714186113865', 'price': '62902.1', 'size': '0.003', 'side': 'sell', 'tradeId': '1167946702129442819'}, {'ts': '1714186113785', 'price': '62902.3', 'size': '0.001', 'side': 'buy', 'tradeId': '1167946701793898497'}, {'ts': '1714186113390', 'price': '62902.2', 'size': '0.007', 'side': 'sell', 'tradeId': '1167946700137148419'}, {'ts': '1714186113390', 'price': '62903.0', 'size': '0.003', 'side': 'sell', 'tradeId': '1167946700137148417'}, {'ts': '1714186112682', 'price': '62903.9', 'size': '0.044', 'side': 'sell', 'tradeId': '1167946697167581286'}, {'ts': '1714186112635', 'price': '62903.9', 'size': '0.049', 'side': 'sell', 'tradeId': '1167946696970448897'}, {'ts': '1714186112527', 'price': '62903.5', 'size': '0.470', 'side': 'sell', 'tradeId': '1167946696517464072'}, {'ts': '1714186112527', 'price': '62903.6', 'size': '3.032', 'side': 'sell', 'tradeId': '1167946696517464070'}, {'ts': '1714186112527', 'price': '62903.8', 'size': '3.052', 'side': 'sell', 'tradeId': '1167946696517464068'}, {'ts': '1714186112527', 'price': '62903.9', 'size': '3.021', 'side': 'sell', 'tradeId': '1167946696517464065'}, {'ts': '1714186112426', 'price': '62909.2', 'size': '0.002', 'side': 'buy', 'tradeId': '1167946696093839362'}, {'ts': '1714186112417', 'price': '62909.2', 'size': '0.005', 'side': 'buy', 'tradeId': '1167946696056090625'}, {'ts': '1714186112305', 'price': '62909.2', 'size': '0.004', 'side': 'buy', 'tradeId': '1167946695586328578'}, {'ts': '1714186112208', 'price': '62904.5', 'size': '1.000', 'side': 'sell', 'tradeId': '1167946695179481089'}, {'ts': '1714186111426', 'price': '62904.5', 'size': '0.004', 'side': 'sell', 'tradeId': '1167946691899535415'}, {'ts': '1714186111426', 'price': '62904.7', 'size': '0.001', 'side': 'sell', 'tradeId': '1167946691899535413'}, {'ts': '1714186111426', 'price': '62904.7', 'size': '0.001', 'side': 'sell', 'tradeId': '1167946691899535411'}, {'ts': '1714186111426', 'price': '62904.7', 'size': '0.001', 'side': 'sell', 'tradeId': '1167946691899535409'}, {'ts': '1714186111426', 'price': '62905.2', 'size': '0.002', 'side': 'sell', 'tradeId': '1167946691899535406'}, {'ts': '1714186111158', 'price': '62905.2', 'size': '0.004', 'side': 'sell', 'tradeId': '1167946690775461895'}, {'ts': '1714186111158', 'price': '62905.2', 'size': '0.094', 'side': 'sell', 'tradeId': '1167946690775461893'}, {'ts': '1714186111158', 'price': '62905.4', 'size': '0.001', 'side': 'sell', 'tradeId': '1167946690775461891'}, {'ts': '1714186111158', 'price': '62905.8', 'size': '0.001', 'side': 'sell', 'tradeId': '1167946690775461889'}, {'ts': '1714186111068', 'price': '62908.6', 'size': '0.004', 'side': 'buy', 'tradeId': '1167946690397974534'}, {'ts': '1714186111068', 'price': '62908.6', 'size': '0.011', 'side': 'buy', 'tradeId': '1167946690397974532'}, {'ts': '1714186111068', 'price': '62908.6', 'size': '0.003', 'side': 'buy', 'tradeId': '1167946690397974529'}, {'ts': '1714186109911', 'price': '62912.5', 'size': '17.785', 'side': 'sell', 'tradeId': '1167946685545164801'}, {'ts': '1714186109353', 'price': '62912.5', 'size': '0.035', 'side': 'sell', 'tradeId': '1167946683204743169'}, {'ts': '1714186108868', 'price': '62912.5', 'size': '0.091', 'side': 'sell', 'tradeId': '1167946681170505729'}, {'ts': '1714186108726', 'price': '62912.5', 'size': '0.058', 'side': 'sell', 'tradeId': '1167946680574914562'}, {'ts': '1714186108643', 'price': '62912.6', 'size': '0.002', 'side': 'buy', 'tradeId': '1167946680226787329'}, {'ts': '1714186108439', 'price': '62912.8', 'size': '0.002', 'side': 'buy', 'tradeId': '1167946679371149313'}, {'ts': '1714186108342', 'price': '62918.0', 'size': '0.124', 'side': 'buy', 'tradeId': '1167946678964301848'}, {'ts': '1714186108342', 'price': '62915.5', 'size': '0.555', 'side': 'buy', 'tradeId': '1167946678964301846'}, {'ts': '1714186108342', 'price': '62915.5', 'size': '0.030', 'side': 'buy', 'tradeId': '1167946678964301844'}, {'ts': '1714186108342', 'price': '62914.8', 'size': '0.123', 'side': 'buy', 'tradeId': '1167946678964301842'}, {'ts': '1714186108342', 'price': '62913.6', 'size': '0.063', 'side': 'buy', 'tradeId': '1167946678964301840'}, {'ts': '1714186108342', 'price': '62913.5', 'size': '0.061', 'side': 'buy', 'tradeId': '1167946678964301838'}, {'ts': '1714186108342', 'price': '62912.8', 'size': '0.060', 'side': 'buy', 'tradeId': '1167946678964301835'}, {'ts': '1714186108342', 'price': '62912.8', 'size': '0.660', 'side': 'buy', 'tradeId': '1167946678964301833'}, {'ts': '1714186108342', 'price': '62912.8', 'size': '0.612', 'side': 'buy', 'tradeId': '1167946678964301831'}, {'ts': '1714186108342', 'price': '62912.8', 'size': '0.656', 'side': 'buy', 'tradeId': '1167946678964301829'}, {'ts': '1714186108342', 'price': '62912.8', 'size': '0.003', 'side': 'buy', 'tradeId': '1167946678964301827'}, {'ts': '1714186108342', 'price': '62912.8', 'size': '0.035', 'side': 'buy', 'tradeId': '1167946678964301825'}, {'ts': '1714186108253', 'price': '62912.8', 'size': '0.004', 'side': 'buy', 'tradeId': '1167946678591008769'}, {'ts': '1714186107437', 'price': '62912.7', 'size': '0.161', 'side': 'sell', 'tradeId': '1167946675168456705'}, {'ts': '1714186107288', 'price': '62912.7', 'size': '0.338', 'side': 'sell', 'tradeId': '1167946674543505409'}, {'ts': '1714186106983', 'price': '62912.8', 'size': '0.001', 'side': 'buy', 'tradeId': '1167946673264242689'}, {'ts': '1714186105973', 'price': '62917.3', 'size': '0.045', 'side': 'buy', 'tradeId': '1167946669027995652'}, {'ts': '1714186105973', 'price': '62917.2', 'size': '0.002', 'side': 'buy', 'tradeId': '1167946669027995649'}, {'ts': '1714186105380', 'price': '62917.3', 'size': '0.036', 'side': 'buy', 'tradeId': '1167946666540773381'}, {'ts': '1714186105380', 'price': '62917.3', 'size': '0.009', 'side': 'buy', 'tradeId': '1167946666540773379'}, {'ts': '1714186105380', 'price': '62917.2', 'size': '0.001', 'side': 'buy', 'tradeId': '1167946666540773377'}, {'ts': '1714186105016', 'price': '62912.9', 'size': '0.002', 'side': 'sell', 'tradeId': '1167946665014046722'}, {'ts': '1714186104976', 'price': '62912.9', 'size': '0.020', 'side': 'sell', 'tradeId': '1167946664846274561'}, {'ts': '1714186104170', 'price': '62912.9', 'size': '0.171', 'side': 'sell', 'tradeId': '1167946661465665539'}, {'ts': '1714186104170', 'price': '62913.0', 'size': '0.003', 'side': 'sell', 'tradeId': '1167946661465665537'}, {'ts': '1714186103840', 'price': '62915.5', 'size': '9.409', 'side': 'sell', 'tradeId': '1167946660081545218'}, {'ts': '1714186103610', 'price': '62912.9', 'size': '0.176', 'side': 'sell', 'tradeId': '1167946659116855301'}, {'ts': '1714186103610', 'price': '62917.1', 'size': '0.040', 'side': 'sell', 'tradeId': '1167946659116855297'}, {'ts': '1714186103119', 'price': '62917.3', 'size': '0.005', 'side': 'buy', 'tradeId': '1167946657057452070'}, {'ts': '1714186102833', 'price': '62912.7', 'size': '0.078', 'side': 'sell', 'tradeId': '1167946655857881089'}, {'ts': '1714186102691', 'price': '62912.8', 'size': '0.099', 'side': 'sell', 'tradeId': '1167946655262289923'}, {'ts': '1714186102691', 'price': '62912.8', 'size': '0.001', 'side': 'sell', 'tradeId': '1167946655262289921'}, {'ts': '1714186102139', 'price': '62912.7', 'size': '0.063', 'side': 'sell', 'tradeId': '1167946652947034112'}, {'ts': '1714186101865', 'price': '62909.3', 'size': '0.052', 'side': 'sell', 'tradeId': '1167946651797794817'}, {'ts': '1714186101786', 'price': '62909.3', 'size': '0.052', 'side': 'sell', 'tradeId': '1167946651466444803'}, {'ts': '1714186101000', 'price': '62911.7', 'size': '0.005', 'side': 'buy', 'tradeId': '1167946648169721857'}, {'ts': '1714186100638', 'price': '62906.3', 'size': '0.358', 'side': 'sell', 'tradeId': '1167946646651383815'}, {'ts': '1714186100638', 'price': '62906.3', 'size': '0.123', 'side': 'sell', 'tradeId': '1167946646651383813'}, {'ts': '1714186100638', 'price': '62906.3', 'size': '0.003', 'side': 'sell', 'tradeId': '1167946646651383810'}, {'ts': '1714186100285', 'price': '62906.3', 'size': '0.117', 'side': 'sell', 'tradeId': '1167946645170794530'}, {'ts': '1714186100275', 'price': '62911.7', 'size': '0.001', 'side': 'buy', 'tradeId': '1167946645128851457'}, {'ts': '1714186100272', 'price': '62906.3', 'size': '0.019', 'side': 'sell', 'tradeId': '1167946645116268545'}, {'ts': '1714186100271', 'price': '62906.3', 'size': '0.293', 'side': 'sell', 'tradeId': '1167946645112074241'}, {'ts': '1714186100190', 'price': '62906.2', 'size': '9.511', 'side': 'sell', 'tradeId': '1167946644772335617'}, {'ts': '1714186100189', 'price': '62906.2', 'size': '0.147', 'side': 'sell', 'tradeId': '1167946644768141315'}, {'ts': '1714186100189', 'price': '62906.3', 'size': '0.593', 'side': 'sell', 'tradeId': '1167946644768141313'}, {'ts': '1714186100180', 'price': '62906.3', 'size': '0.007', 'side': 'sell', 'tradeId': '1167946644730392602'}, {'ts': '1714186100180', 'price': '62906.3', 'size': '0.001', 'side': 'sell', 'tradeId': '1167946644730392600'}, {'ts': '1714186100180', 'price': '62906.3', 'size': '0.001', 'side': 'sell', 'tradeId': '1167946644730392598'}, {'ts': '1714186100180', 'price': '62906.3', 'size': '0.001', 'side': 'sell', 'tradeId': '1167946644730392596'}, {'ts': '1714186100180', 'price': '62907.0', 'size': '0.059', 'side': 'sell', 'tradeId': '1167946644730392593'}, {'ts': '1714186100180', 'price': '62907.0', 'size': '0.001', 'side': 'sell', 'tradeId': '1167946644730392591'}, {'ts': '1714186100180', 'price': '62907.1', 'size': '0.001', 'side': 'sell', 'tradeId': '1167946644730392589'}, {'ts': '1714186100180', 'price': '62907.1', 'size': '0.001', 'side': 'sell', 'tradeId': '1167946644730392587'}, {'ts': '1714186100180', 'price': '62907.1', 'size': '0.001', 'side': 'sell', 'tradeId': '1167946644730392585'}, {'ts': '1714186100180', 'price': '62907.1', 'size': '0.001', 'side': 'sell', 'tradeId': '1167946644730392583'}, {'ts': '1714186100180', 'price': '62908.7', 'size': '0.123', 'side': 'sell', 'tradeId': '1167946644730392581'}, {'ts': '1714186100180', 'price': '62909.1', 'size': '0.001', 'side': 'sell', 'tradeId': '1167946644730392579'}, {'ts': '1714186100180', 'price': '62910.0', 'size': '0.016', 'side': 'sell', 'tradeId': '1167946644730392577'}, {'ts': '1714186100075', 'price': '62910.0', 'size': '0.035', 'side': 'sell', 'tradeId': '1167946644289990665'}, {'ts': '1714186100075', 'price': '62910.9', 'size': '0.001', 'side': 'sell', 'tradeId': '1167946644289990663'}, {'ts': '1714186100075', 'price': '62911.3', 'size': '0.001', 'side': 'sell', 'tradeId': '1167946644289990661'}, {'ts': '1714186100075', 'price': '62911.3', 'size': '0.001', 'side': 'sell', 'tradeId': '1167946644289990659'}, {'ts': '1714186100075', 'price': '62911.3', 'size': '0.001', 'side': 'sell', 'tradeId': '1167946644289990657'}, {'ts': '1714186100011', 'price': '62912.3', 'size': '0.004', 'side': 'buy', 'tradeId': '1167946644021555201'}, {'ts': '1714186100006', 'price': '62912.5', 'size': '0.002', 'side': 'sell', 'tradeId': '1167946644000583698'}, {'ts': '1714186100006', 'price': '62912.6', 'size': '0.001', 'side': 'sell', 'tradeId': '1167946644000583696'}, {'ts': '1714186100006', 'price': '62914.0', 'size': '0.001', 'side': 'sell', 'tradeId': '1167946644000583694'}, {'ts': '1714186100006', 'price': '62914.3', 'size': '0.001', 'side': 'sell', 'tradeId': '1167946644000583692'}, {'ts': '1714186100006', 'price': '62914.3', 'size': '0.001', 'side': 'sell', 'tradeId': '1167946644000583690'}, {'ts': '1714186100006', 'price': '62914.3', 'size': '0.001', 'side': 'sell', 'tradeId': '1167946644000583688'}, {'ts': '1714186100006', 'price': '62914.4', 'size': '0.002', 'side': 'sell', 'tradeId': '1167946644000583686'}, {'ts': '1714186100006', 'price': '62915.0', 'size': '2.755', 'side': 'sell', 'tradeId': '1167946644000583684'}, {'ts': '1714186099566', 'price': '62915.1', 'size': '0.013', 'side': 'buy', 'tradeId': '1167946642155089921'}, {'ts': '1714186099081', 'price': '62915.0', 'size': '0.060', 'side': 'sell', 'tradeId': '1167946640120852481'}, {'ts': '1714186098075', 'price': '62915.1', 'size': '0.074', 'side': 'sell', 'tradeId': '1167946635901382657'}, {'ts': '1714186097255', 'price': '62915.0', 'size': '0.088', 'side': 'sell', 'tradeId': '1167946632462053377'}, {'ts': '1714186097031', 'price': '62920.0', 'size': '0.002', 'side': 'buy', 'tradeId': '1167946631522529283'}, {'ts': '1714186097031', 'price': '62915.1', 'size': '0.003', 'side': 'buy', 'tradeId': '1167946631522529281'}, {'ts': '1714186096661', 'price': '62915.1', 'size': '0.566', 'side': 'sell', 'tradeId': '1167946629970636801'}, {'ts': '1714186094436', 'price': '62915.6', 'size': '0.005', 'side': 'sell', 'tradeId': '1167946620638310401'}, {'ts': '1714186093862', 'price': '62920.4', 'size': '0.132', 'side': 'buy', 'tradeId': '1167946618230779914'}, {'ts': '1714186093862', 'price': '62920.3', 'size': '0.123', 'side': 'buy', 'tradeId': '1167946618230779912'}, {'ts': '1714186093862', 'price': '62920.3', 'size': '0.083', 'side': 'buy', 'tradeId': '1167946618230779910'}, {'ts': '1714186093862', 'price': '62920.2', 'size': '0.003', 'side': 'buy', 'tradeId': '1167946618230779908'}, {'ts': '1714186093862', 'price': '62916.4', 'size': '0.060', 'side': 'buy', 'tradeId': '1167946618230779905'}, {'ts': '1714186093454', 'price': '62920.3', 'size': '0.040', 'side': 'buy', 'tradeId': '1167946616519503873'}, {'ts': '1714186093442', 'price': '62916.3', 'size': '0.678', 'side': 'sell', 'tradeId': '1167946616469172225'}, {'ts': '1714186093271', 'price': '62916.7', 'size': '0.001', 'side': 'sell', 'tradeId': '1167946615751946241'}, {'ts': '1714186093221', 'price': '62917.0', 'size': '19.689', 'side': 'sell', 'tradeId': '1167946615542231041'}, {'ts': '1714186093192', 'price': '62916.7', 'size': '0.148', 'side': 'sell', 'tradeId': '1167946615420596225'}, {'ts': '1714186092041', 'price': '62939.3', 'size': '0.076', 'side': 'sell', 'tradeId': '1167946610592952324'}, {'ts': '1714186091335', 'price': '62945.4', 'size': '0.004', 'side': 'sell', 'tradeId': '1167946607631773697'}, {'ts': '1714186090503', 'price': '62945.5', 'size': '0.290', 'side': 'buy', 'tradeId': '1167946604142112771'}, {'ts': '1714186090303', 'price': '62945.4', 'size': '0.020', 'side': 'sell', 'tradeId': '1167946603303251969'}, {'ts': '1714186090192', 'price': '62940.7', 'size': '0.002', 'side': 'sell', 'tradeId': '1167946602837684226'}, {'ts': '1714186089657', 'price': '62940.7', 'size': '0.037', 'side': 'sell', 'tradeId': '1167946600593731585'}, {'ts': '1714186089305', 'price': '62945.5', 'size': '0.001', 'side': 'buy', 'tradeId': '1167946599117336577'}, {'ts': '1714186088920', 'price': '62945.4', 'size': '0.055', 'side': 'sell', 'tradeId': '1167946597502529537'}, {'ts': '1714186088277', 'price': '62945.4', 'size': '0.024', 'side': 'sell', 'tradeId': '1167946594805592065'}, {'ts': '1714186088166', 'price': '62928.2', 'size': '0.001', 'side': 'buy', 'tradeId': '1167946594340024325'}, {'ts': '1714186088035', 'price': '62928.1', 'size': '0.250', 'side': 'sell', 'tradeId': '1167946593790570497'}, {'ts': '1714186087963', 'price': '62928.1', 'size': '0.092', 'side': 'sell', 'tradeId': '1167946593488580614'}, {'ts': '1714186087963', 'price': '62928.1', 'size': '0.003', 'side': 'sell', 'tradeId': '1167946593488580612'}, {'ts': '1714186087963', 'price': '62928.1', 'size': '0.009', 'side': 'sell', 'tradeId': '1167946593488580610'}, {'ts': '1714186087736', 'price': '62928.1', 'size': '0.069', 'side': 'sell', 'tradeId': '1167946592536473606'}, {'ts': '1714186087736', 'price': '62928.1', 'size': '0.003', 'side': 'sell', 'tradeId': '1167946592536473604'}, {'ts': '1714186087736', 'price': '62928.1', 'size': '0.059', 'side': 'sell', 'tradeId': '1167946592536473601'}, {'ts': '1714186087727', 'price': '62928.1', 'size': '0.002', 'side': 'sell', 'tradeId': '1167946592498724865'}, {'ts': '1714186087578', 'price': '62928.2', 'size': '1.018', 'side': 'buy', 'tradeId': '1167946591873773569'}, {'ts': '1714186087505', 'price': '62928.0', 'size': '0.076', 'side': 'sell', 'tradeId': '1167946591567589378'}, {'ts': '1714186087139', 'price': '62922.8', 'size': '0.012', 'side': 'sell', 'tradeId': '1167946590032474115'}, {'ts': '1714186087139', 'price': '62922.8', 'size': '0.003', 'side': 'sell', 'tradeId': '1167946590032474113'}, {'ts': '1714186086991', 'price': '62922.7', 'size': '0.211', 'side': 'sell', 'tradeId': '1167946589415911424'}, {'ts': '1714186086982', 'price': '62922.7', 'size': '0.500', 'side': 'sell', 'tradeId': '1167946589373968387'}, {'ts': '1714186086973', 'price': '62922.7', 'size': '0.105', 'side': 'sell', 'tradeId': '1167946589336219649'}, {'ts': '1714186086925', 'price': '62922.7', 'size': '0.497', 'side': 'sell', 'tradeId': '1167946589134893062'}, {'ts': '1714186086925', 'price': '62922.8', 'size': '0.108', 'side': 'sell', 'tradeId': '1167946589134893060'}, {'ts': '1714186086925', 'price': '62928.1', 'size': '0.034', 'side': 'sell', 'tradeId': '1167946589134893057'}, {'ts': '1714186086911', 'price': '62928.2', 'size': '0.005', 'side': 'buy', 'tradeId': '1167946589076172855'}, {'ts': '1714186086863', 'price': '62922.8', 'size': '0.292', 'side': 'sell', 'tradeId': '1167946588874846208'}, {'ts': '1714186086862', 'price': '62922.8', 'size': '0.003', 'side': 'sell', 'tradeId': '1167946588870651930'}, {'ts': '1714186086862', 'price': '62928.1', 'size': '0.344', 'side': 'sell', 'tradeId': '1167946588870651928'}, {'ts': '1714186086850', 'price': '62928.1', 'size': '0.005', 'side': 'sell', 'tradeId': '1167946588820320259'}, {'ts': '1714186086838', 'price': '62928.1', 'size': '0.026', 'side': 'sell', 'tradeId': '1167946588769988609'}, {'ts': '1714186086617', 'price': '62922.7', 'size': '0.404', 'side': 'sell', 'tradeId': '1167946587843047427'}, {'ts': '1714186086617', 'price': '62922.9', 'size': '0.400', 'side': 'sell', 'tradeId': '1167946587843047424'}, {'ts': '1714186086480', 'price': '62928.1', 'size': '0.015', 'side': 'sell', 'tradeId': '1167946587268427777'}, {'ts': '1714186085962', 'price': '62921.5', 'size': '0.131', 'side': 'buy', 'tradeId': '1167946585095778307'}, {'ts': '1714186085909', 'price': '62921.1', 'size': '0.158', 'side': 'sell', 'tradeId': '1167946584873480192'}, {'ts': '1714186085841', 'price': '62919.9', 'size': '0.014', 'side': 'sell', 'tradeId': '1167946584588267521'}, {'ts': '1714186085273', 'price': '62914.7', 'size': '0.234', 'side': 'sell', 'tradeId': '1167946582205902848'}, {'ts': '1714186085154', 'price': '62914.6', 'size': '0.011', 'side': 'sell', 'tradeId': '1167946581706780677'}, {'ts': '1714186085154', 'price': '62914.6', 'size': '0.078', 'side': 'sell', 'tradeId': '1167946581706780673'}, {'ts': '1714186085153', 'price': '62914.6', 'size': '0.012', 'side': 'sell', 'tradeId': '1167946581702586369'}, {'ts': '1714186085130', 'price': '62920.0', 'size': '0.005', 'side': 'buy', 'tradeId': '1167946581606117378'}, {'ts': '1714186085126', 'price': '62914.6', 'size': '0.001', 'side': 'sell', 'tradeId': '1167946581589340161'}, {'ts': '1714186085116', 'price': '62914.6', 'size': '0.080', 'side': 'sell', 'tradeId': '1167946581547397121'}, {'ts': '1714186085084', 'price': '62914.6', 'size': '0.013', 'side': 'sell', 'tradeId': '1167946581413179393'}, {'ts': '1714186085054', 'price': '62914.6', 'size': '1.405', 'side': 'sell', 'tradeId': '1167946581287350308'}, {'ts': '1714186085054', 'price': '62914.6', 'size': '0.001', 'side': 'sell', 'tradeId': '1167946581287350306'}, {'ts': '1714186085054', 'price': '62915.0', 'size': '0.012', 'side': 'sell', 'tradeId': '1167946581287350303'}, {'ts': '1714186085054', 'price': '62915.6', 'size': '0.555', 'side': 'sell', 'tradeId': '1167946581287350301'}, {'ts': '1714186085054', 'price': '62916.2', 'size': '0.001', 'side': 'sell', 'tradeId': '1167946581287350299'}, {'ts': '1714186085054', 'price': '62916.2', 'size': '0.001', 'side': 'sell', 'tradeId': '1167946581287350297'}, {'ts': '1714186085054', 'price': '62916.2', 'size': '0.001', 'side': 'sell', 'tradeId': '1167946581287350295'}, {'ts': '1714186085054', 'price': '62916.2', 'size': '0.001', 'side': 'sell', 'tradeId': '1167946581287350293'}, {'ts': '1714186085054', 'price': '62916.2', 'size': '0.001', 'side': 'sell', 'tradeId': '1167946581287350291'}, {'ts': '1714186085054', 'price': '62917.8', 'size': '0.001', 'side': 'sell', 'tradeId': '1167946581287350289'}, {'ts': '1714186085054', 'price': '62918.0', 'size': '0.001', 'side': 'sell', 'tradeId': '1167946581287350287'}, {'ts': '1714186085054', 'price': '62918.0', 'size': '0.001', 'side': 'sell', 'tradeId': '1167946581287350285'}, {'ts': '1714186085054', 'price': '62920.0', 'size': '0.100', 'side': 'sell', 'tradeId': '1167946581287350283'}, {'ts': '1714186085054', 'price': '62920.0', 'size': '0.267', 'side': 'sell', 'tradeId': '1167946581287350281'}, {'ts': '1714186085054', 'price': '62920.0', 'size': '0.001', 'side': 'sell', 'tradeId': '1167946581287350278'}, {'ts': '1714186085054', 'price': '62920.7', 'size': '0.001', 'side': 'sell', 'tradeId': '1167946581287350276'}, {'ts': '1714186085054', 'price': '62920.7', 'size': '0.001', 'side': 'sell', 'tradeId': '1167946581287350273'}, {'ts': '1714186084463', 'price': '62921.4', 'size': '0.023', 'side': 'buy', 'tradeId': '1167946578808516609'}, {'ts': '1714186084388', 'price': '62921.3', 'size': '0.001', 'side': 'sell', 'tradeId': '1167946578493943811'}, {'ts': '1714186084388', 'price': '62921.3', 'size': '0.003', 'side': 'sell', 'tradeId': '1167946578493943809'}, {'ts': '1714186083696', 'price': '62921.9', 'size': '0.028', 'side': 'sell', 'tradeId': '1167946575591485442'}, {'ts': '1714186083404', 'price': '62921.9', 'size': '0.036', 'side': 'sell', 'tradeId': '1167946574366748673'}, {'ts': '1714186083122', 'price': '62921.9', 'size': '0.096', 'side': 'sell', 'tradeId': '1167946573183954945'}, {'ts': '1714186082944', 'price': '62921.9', 'size': '0.006', 'side': 'sell', 'tradeId': '1167946572437368833'}, {'ts': '1714186082918', 'price': '62925.1', 'size': '0.040', 'side': 'buy', 'tradeId': '1167946572328316932'}, {'ts': '1714186082917', 'price': '62921.9', 'size': '0.038', 'side': 'sell', 'tradeId': '1167946572324122625'}, {'ts': '1714186082831', 'price': '62921.7', 'size': '0.024', 'side': 'sell', 'tradeId': '1167946571963412481'}, {'ts': '1714186082823', 'price': '62925.0', 'size': '0.050', 'side': 'sell', 'tradeId': '1167946571929858050'}, {'ts': '1714186082815', 'price': '62925.7', 'size': '0.003', 'side': 'buy', 'tradeId': '1167946571896303617'}, {'ts': '1714186082812', 'price': '62925.7', 'size': '1.285', 'side': 'buy', 'tradeId': '1167946571883720705'}, {'ts': '1714186082762', 'price': '62926.6', 'size': '0.001', 'side': 'sell', 'tradeId': '1167946571674005609'}, {'ts': '1714186082762', 'price': '62928.2', 'size': '0.030', 'side': 'sell', 'tradeId': '1167946571674005607'}, {'ts': '1714186082762', 'price': '62928.6', 'size': '0.001', 'side': 'sell', 'tradeId': '1167946571674005605'}, {'ts': '1714186082762', 'price': '62928.6', 'size': '0.001', 'side': 'sell', 'tradeId': '1167946571674005603'}, {'ts': '1714186082762', 'price': '62931.8', 'size': '0.002', 'side': 'sell', 'tradeId': '1167946571674005601'}, {'ts': '1714186082762', 'price': '62931.8', 'size': '0.001', 'side': 'sell', 'tradeId': '1167946571674005599'}, {'ts': '1714186082762', 'price': '62932.0', 'size': '0.016', 'side': 'sell', 'tradeId': '1167946571674005597'}, {'ts': '1714186082762', 'price': '62933.3', 'size': '0.001', 'side': 'sell', 'tradeId': '1167946571674005594'}, {'ts': '1714186082762', 'price': '62933.3', 'size': '0.001', 'side': 'sell', 'tradeId': '1167946571674005592'}, {'ts': '1714186082762', 'price': '62933.7', 'size': '0.003', 'side': 'sell', 'tradeId': '1167946571674005590'}, {'ts': '1714186082762', 'price': '62933.7', 'size': '0.001', 'side': 'sell', 'tradeId': '1167946571674005588'}, {'ts': '1714186082489', 'price': '62936.1', 'size': '0.031', 'side': 'sell', 'tradeId': '1167946570528960586'}, {'ts': '1714186082101', 'price': '62936.1', 'size': '17.464', 'side': 'sell', 'tradeId': '1167946568901570561'}, {'ts': '1714186081503', 'price': '62936.2', 'size': '0.001', 'side': 'buy', 'tradeId': '1167946566393376769'}, {'ts': '1714186080487', 'price': '62941.4', 'size': '0.003', 'side': 'buy', 'tradeId': '1167946562131963905'}, {'ts': '1714186080374', 'price': '62935.9', 'size': '0.001', 'side': 'sell', 'tradeId': '1167946561658007592'}, {'ts': '1714186080374', 'price': '62936.0', 'size': '0.099', 'side': 'sell', 'tradeId': '1167946561658007589'}, {'ts': '1714186079960', 'price': '62941.4', 'size': '0.004', 'side': 'buy', 'tradeId': '1167946559921565699'}, {'ts': '1714186079960', 'price': '62941.3', 'size': '0.001', 'side': 'buy', 'tradeId': '1167946559921565697'}, {'ts': '1714186079021', 'price': '62943.8', 'size': '0.043', 'side': 'sell', 'tradeId': '1167946555983114302'}, {'ts': '1714186076861', 'price': '62946.0', 'size': '0.001', 'side': 'buy', 'tradeId': '1167946546923417601'}, {'ts': '1714186076434', 'price': '62943.8', 'size': '0.040', 'side': 'sell', 'tradeId': '1167946545132449799'}, {'ts': '1714186076434', 'price': '62943.9', 'size': '0.021', 'side': 'sell', 'tradeId': '1167946545132449797'}, {'ts': '1714186076434', 'price': '62943.9', 'size': '0.003', 'side': 'sell', 'tradeId': '1167946545132449795'}, {'ts': '1714186076434', 'price': '62945.0', 'size': '0.003', 'side': 'sell', 'tradeId': '1167946545132449793'}, {'ts': '1714186076180', 'price': '62941.4', 'size': '0.067', 'side': 'buy', 'tradeId': '1167946544067096581'}, {'ts': '1714186076180', 'price': '62941.4', 'size': '0.002', 'side': 'buy', 'tradeId': '1167946544067096579'}, {'ts': '1714186073864', 'price': '62941.3', 'size': '0.696', 'side': 'sell', 'tradeId': '1167946534353088515'}, {'ts': '1714186073864', 'price': '62941.3', 'size': '0.304', 'side': 'sell', 'tradeId': '1167946534353088513'}, {'ts': '1714186073823', 'price': '62941.3', 'size': '0.077', 'side': 'sell', 'tradeId': '1167946534181122049'}, {'ts': '1714186073817', 'price': '62941.3', 'size': '0.025', 'side': 'sell', 'tradeId': '1167946534155956225'}, {'ts': '1714186073534', 'price': '62941.4', 'size': '0.007', 'side': 'buy', 'tradeId': '1167946532968968284'}, {'ts': '1714186073191', 'price': '62941.3', 'size': '0.141', 'side': 'sell', 'tradeId': '1167946531530321921'}, {'ts': '1714186073149', 'price': '62941.3', 'size': '0.229', 'side': 'sell', 'tradeId': '1167946531354161154'}, {'ts': '1714186072769', 'price': '62941.4', 'size': '0.086', 'side': 'buy', 'tradeId': '1167946529760325632'}, {'ts': '1714186072340', 'price': '62941.3', 'size': '0.207', 'side': 'sell', 'tradeId': '1167946527960969219'}, {'ts': '1714186072340', 'price': '62941.3', 'size': '0.757', 'side': 'sell', 'tradeId': '1167946527960969217'}, {'ts': '1714186072232', 'price': '62941.3', 'size': '0.005', 'side': 'sell', 'tradeId': '1167946527507984386'}, {'ts': '1714186072206', 'price': '62941.4', 'size': '0.005', 'side': 'buy', 'tradeId': '1167946527398932481'}, {'ts': '1714186072122', 'price': '62941.3', 'size': '0.005', 'side': 'sell', 'tradeId': '1167946527046610945'}, {'ts': '1714186072026', 'price': '62941.4', 'size': '0.005', 'side': 'buy', 'tradeId': '1167946526643957761'}, {'ts': '1714186071995', 'price': '62935.9', 'size': '0.002', 'side': 'sell', 'tradeId': '1167946526513934336'}, {'ts': '1714186071962', 'price': '62935.9', 'size': '2.103', 'side': 'sell', 'tradeId': '1167946526375522343'}, {'ts': '1714186071962', 'price': '62936.0', 'size': '0.123', 'side': 'sell', 'tradeId': '1167946526375522338'}, {'ts': '1714186071962', 'price': '62936.0', 'size': '0.021', 'side': 'sell', 'tradeId': '1167946526375522330'}, {'ts': '1714186071962', 'price': '62941.3', 'size': '0.414', 'side': 'sell', 'tradeId': '1167946526375522322'}, {'ts': '1714186071962', 'price': '62941.3', 'size': '0.032', 'side': 'sell', 'tradeId': '1167946526375522319'}, {'ts': '1714186071962', 'price': '62941.3', 'size': '0.010', 'side': 'sell', 'tradeId': '1167946526375522317'}, {'ts': '1714186071962', 'price': '62941.3', 'size': '0.060', 'side': 'sell', 'tradeId': '1167946526375522314'}, {'ts': '1714186071962', 'price': '62941.3', 'size': '0.631', 'side': 'sell', 'tradeId': '1167946526375522312'}, {'ts': '1714186071962', 'price': '62941.3', 'size': '0.023', 'side': 'sell', 'tradeId': '1167946526375522310'}, {'ts': '1714186071962', 'price': '62941.3', 'size': '0.974', 'side': 'sell', 'tradeId': '1167946526375522308'}, {'ts': '1714186071962', 'price': '62941.3', 'size': '0.732', 'side': 'sell', 'tradeId': '1167946526375522306'}, {'ts': '1714186071637', 'price': '62935.9', 'size': '0.001', 'side': 'sell', 'tradeId': '1167946525012373505'}, {'ts': '1714186071594', 'price': '62941.4', 'size': '0.058', 'side': 'buy', 'tradeId': '1167946524832018434'}, {'ts': '1714186071540', 'price': '62935.9', 'size': '0.015', 'side': 'sell', 'tradeId': '1167946524605526016'}, {'ts': '1714186071538', 'price': '62935.9', 'size': '0.249', 'side': 'sell', 'tradeId': '1167946524597137429'}, {'ts': '1714186071538', 'price': '62936.2', 'size': '0.001', 'side': 'sell', 'tradeId': '1167946524597137427'}, {'ts': '1714186071538', 'price': '62938.2', 'size': '0.003', 'side': 'sell', 'tradeId': '1167946524597137425'}, {'ts': '1714186071538', 'price': '62938.2', 'size': '0.004', 'side': 'sell', 'tradeId': '1167946524597137423'}, {'ts': '1714186071538', 'price': '62938.8', 'size': '0.006', 'side': 'sell', 'tradeId': '1167946524597137421'}, {'ts': '1714186071538', 'price': '62939.4', 'size': '0.001', 'side': 'sell', 'tradeId': '1167946524597137419'}, {'ts': '1714186071538', 'price': '62940.0', 'size': '0.001', 'side': 'sell', 'tradeId': '1167946524597137417'}, {'ts': '1714186071538', 'price': '62940.2', 'size': '0.001', 'side': 'sell', 'tradeId': '1167946524597137415'}, {'ts': '1714186071538', 'price': '62940.4', 'size': '0.020', 'side': 'sell', 'tradeId': '1167946524597137413'}, {'ts': '1714186071538', 'price': '62941.2', 'size': '0.001', 'side': 'sell', 'tradeId': '1167946524597137411'}, {'ts': '1714186071538', 'price': '62941.7', 'size': '0.001', 'side': 'sell', 'tradeId': '1167946524597137409'}, {'ts': '1714186071455', 'price': '62941.9', 'size': '0.002', 'side': 'sell', 'tradeId': '1167946524249010182'}, {'ts': '1714186071455', 'price': '62942.0', 'size': '0.001', 'side': 'sell', 'tradeId': '1167946524249010180'}, {'ts': '1714186071018', 'price': '62944.5', 'size': '0.010', 'side': 'sell', 'tradeId': '1167946522416099329'}, {'ts': '1714186070551', 'price': '62944.5', 'size': '0.331', 'side': 'sell', 'tradeId': '1167946520457359362'}, {'ts': '1714186070462', 'price': '62946.0', 'size': '19.535', 'side': 'sell', 'tradeId': '1167946520084066304'}, {'ts': '1714186070243', 'price': '62944.5', 'size': '0.011', 'side': 'sell', 'tradeId': '1167946519165513730'}, {'ts': '1714186070237', 'price': '62944.5', 'size': '1.530', 'side': 'sell', 'tradeId': '1167946519140347905'}, {'ts': '1714186070235', 'price': '62944.5', 'size': '0.011', 'side': 'sell', 'tradeId': '1167946519131959298'}, {'ts': '1714186070221', 'price': '62950.0', 'size': '0.044', 'side': 'buy', 'tradeId': '1167946519073239046'}, {'ts': '1714186070221', 'price': '62944.5', 'size': '0.053', 'side': 'sell', 'tradeId': '1167946519073239042'}, {'ts': '1714186070214', 'price': '62949.1', 'size': '0.007', 'side': 'sell', 'tradeId': '1167946519043878913'}, {'ts': '1714186070149', 'price': '62944.5', 'size': '0.112', 'side': 'sell', 'tradeId': '1167946518771249183'}, {'ts': '1714186070149', 'price': '62944.5', 'size': '0.001', 'side': 'sell', 'tradeId': '1167946518771249181'}, {'ts': '1714186070149', 'price': '62945.5', 'size': '0.001', 'side': 'sell', 'tradeId': '1167946518771249179'}, {'ts': '1714186070149', 'price': '62947.0', 'size': '0.555', 'side': 'sell', 'tradeId': '1167946518771249177'}, {'ts': '1714186070149', 'price': '62947.2', 'size': '0.001', 'side': 'sell', 'tradeId': '1167946518771249174'}, {'ts': '1714186070149', 'price': '62947.4', 'size': '0.001', 'side': 'sell', 'tradeId': '1167946518771249172'}, {'ts': '1714186070149', 'price': '62948.0', 'size': '0.123', 'side': 'sell', 'tradeId': '1167946518771249170'}, {'ts': '1714186070149', 'price': '62949.0', 'size': '0.006', 'side': 'sell', 'tradeId': '1167946518771249168'}, {'ts': '1714186070149', 'price': '62950.0', 'size': '0.001', 'side': 'sell', 'tradeId': '1167946518771249166'}, {'ts': '1714186070149', 'price': '62950.0', 'size': '0.065', 'side': 'sell', 'tradeId': '1167946518771249164'}, {'ts': '1714186070149', 'price': '62950.0', 'size': '0.001', 'side': 'sell', 'tradeId': '1167946518771249162'}, {'ts': '1714186070149', 'price': '62950.0', 'size': '0.069', 'side': 'sell', 'tradeId': '1167946518771249160'}, {'ts': '1714186070149', 'price': '62950.0', 'size': '0.060', 'side': 'sell', 'tradeId': '1167946518771249158'}, {'ts': '1714186070149', 'price': '62950.0', 'size': '0.001', 'side': 'sell', 'tradeId': '1167946518771249156'}, {'ts': '1714186070149', 'price': '62950.0', 'size': '0.021', 'side': 'sell', 'tradeId': '1167946518771249153'}, {'ts': '1714186069760', 'price': '62950.4', 'size': '0.061', 'side': 'buy', 'tradeId': '1167946517139664897'}, {'ts': '1714186069246', 'price': '62950.5', 'size': '0.026', 'side': 'sell', 'tradeId': '1167946514983792735'}, {'ts': '1714186068764', 'price': '62950.5', 'size': '0.017', 'side': 'sell', 'tradeId': '1167946512962138114'}, {'ts': '1714186068754', 'price': '62950.5', 'size': '0.016', 'side': 'sell', 'tradeId': '1167946512920195073'}, {'ts': '1714186068706', 'price': '62952.0', 'size': '0.050', 'side': 'buy', 'tradeId': '1167946512718868481'}, {'ts': '1714186068678', 'price': '62950.5', 'size': '0.024', 'side': 'sell', 'tradeId': '1167946512601427979'}, {'ts': '1714186068678', 'price': '62950.6', 'size': '0.001', 'side': 'sell', 'tradeId': '1167946512601427977'}, {'ts': '1714186068678', 'price': '62951.3', 'size': '0.001', 'side': 'sell', 'tradeId': '1167946512601427975'}, {'ts': '1714186068678', 'price': '62951.3', 'size': '0.001', 'side': 'sell', 'tradeId': '1167946512601427973'}, {'ts': '1714186068678', 'price': '62952.3', 'size': '0.016', 'side': 'buy', 'tradeId': '1167946512601427969'}, {'ts': '1714186068632', 'price': '62954.0', 'size': '0.050', 'side': 'sell', 'tradeId': '1167946512408489987'}, {'ts': '1714186068438', 'price': '62954.5', 'size': '0.001', 'side': 'sell', 'tradeId': '1167946511594795090'}, {'ts': '1714186068438', 'price': '62955.0', 'size': '0.287', 'side': 'sell', 'tradeId': '1167946511594795088'}, {'ts': '1714186068322', 'price': '62955.0', 'size': '0.042', 'side': 'sell', 'tradeId': '1167946511108255752'}, {'ts': '1714186068322', 'price': '62955.0', 'size': '0.001', 'side': 'sell', 'tradeId': '1167946511108255750'}, {'ts': '1714186068322', 'price': '62955.1', 'size': '0.001', 'side': 'sell', 'tradeId': '1167946511108255748'}, {'ts': '1714186068322', 'price': '62956.5', 'size': '0.003', 'side': 'sell', 'tradeId': '1167946511108255746'}, {'ts': '1714186068256', 'price': '62956.5', 'size': '0.016', 'side': 'sell', 'tradeId': '1167946510831431685'}, {'ts': '1714186068256', 'price': '62956.5', 'size': '0.001', 'side': 'sell', 'tradeId': '1167946510831431683'}, {'ts': '1714186068256', 'price': '62957.3', 'size': '0.001', 'side': 'sell', 'tradeId': '1167946510831431681'}, {'ts': '1714186067237', 'price': '62963.9', 'size': '0.051', 'side': 'buy', 'tradeId': '1167946506557435905'}, {'ts': '1714186066917', 'price': '62958.5', 'size': '0.009', 'side': 'sell', 'tradeId': '1167946505215258653'}, {'ts': '1714186066917', 'price': '62958.5', 'size': '0.001', 'side': 'sell', 'tradeId': '1167946505215258651'}, {'ts': '1714186066917', 'price': '62958.5', 'size': '0.001', 'side': 'sell', 'tradeId': '1167946505215258649'}, {'ts': '1714186066917', 'price': '62958.5', 'size': '0.015', 'side': 'sell', 'tradeId': '1167946505215258647'}, {'ts': '1714186066917', 'price': '62958.5', 'size': '0.009', 'side': 'sell', 'tradeId': '1167946505215258645'}, {'ts': '1714186066917', 'price': '62958.5', 'size': '0.015', 'side': 'sell', 'tradeId': '1167946505215258643'}, {'ts': '1714186066917', 'price': '62958.5', 'size': '0.001', 'side': 'sell', 'tradeId': '1167946505215258641'}, {'ts': '1714186066917', 'price': '62958.5', 'size': '0.005', 'side': 'sell', 'tradeId': '1167946505215258639'}, {'ts': '1714186066917', 'price': '62959.7', 'size': '0.001', 'side': 'sell', 'tradeId': '1167946505215258637'}, {'ts': '1714186066917', 'price': '62960.0', 'size': '0.008', 'side': 'sell', 'tradeId': '1167946505215258635'}, {'ts': '1714186066917', 'price': '62960.0', 'size': '0.009', 'side': 'sell', 'tradeId': '1167946505215258633'}, {'ts': '1714186066917', 'price': '62960.0', 'size': '0.001', 'side': 'sell', 'tradeId': '1167946505215258631'}, {'ts': '1714186066917', 'price': '62960.0', 'size': '0.023', 'side': 'sell', 'tradeId': '1167946505215258629'}, {'ts': '1714186066917', 'price': '62960.0', 'size': '0.001', 'side': 'sell', 'tradeId': '1167946505215258625'}, {'ts': '1714186066348', 'price': '62960.0', 'size': '0.012', 'side': 'sell', 'tradeId': '1167946502828699649'}, {'ts': '1714186065876', 'price': '62965.9', 'size': '4.577', 'side': 'sell', 'tradeId': '1167946500848988266'}, {'ts': '1714186065693', 'price': '62966.0', 'size': '0.056', 'side': 'buy', 'tradeId': '1167946500081430529'}, {'ts': '1714186065234', 'price': '62966.0', 'size': '0.045', 'side': 'buy', 'tradeId': '1167946498156244993'}, {'ts': '1714186064680', 'price': '62965.9', 'size': '0.018', 'side': 'sell', 'tradeId': '1167946495832600577'}, {'ts': '1714186064166', 'price': '62966.0', 'size': '0.001', 'side': 'buy', 'tradeId': '1167946493676728322'}, {'ts': '1714186060345', 'price': '62966.0', 'size': '16.723', 'side': 'buy', 'tradeId': '1167946477650292737'}, {'ts': '1714186059799', 'price': '62965.9', 'size': '0.015', 'side': 'sell', 'tradeId': '1167946475360202753'}, {'ts': '1714186059173', 'price': '62965.9', 'size': '0.065', 'side': 'sell', 'tradeId': '1167946472734568449'}, {'ts': '1714186058975', 'price': '62965.9', 'size': '0.001', 'side': 'buy', 'tradeId': '1167946471904096257'}, {'ts': '1714186057545', 'price': '62961.0', 'size': '1.708', 'side': 'sell', 'tradeId': '1167946465906241537'}, {'ts': '1714186057486', 'price': '62961.0', 'size': '0.059', 'side': 'sell', 'tradeId': '1167946465658777605'}, {'ts': '1714186057486', 'price': '62962.3', 'size': '0.001', 'side': 'sell', 'tradeId': '1167946465658777603'}, {'ts': '1714186057486', 'price': '62963.6', 'size': '0.001', 'side': 'sell', 'tradeId': '1167946465658777601'}, {'ts': '1714186057484', 'price': '62963.6', 'size': '0.001', 'side': 'sell', 'tradeId': '1167946465650388999'}, {'ts': '1714186057484', 'price': '62963.8', 'size': '0.006', 'side': 'sell', 'tradeId': '1167946465650388997'}, {'ts': '1714186057484', 'price': '62965.0', 'size': '0.001', 'side': 'sell', 'tradeId': '1167946465650388995'}, {'ts': '1714186057484', 'price': '62965.0', 'size': '0.001', 'side': 'sell', 'tradeId': '1167946465650388993'}, {'ts': '1714186057436', 'price': '62965.1', 'size': '0.002', 'side': 'buy', 'tradeId': '1167946465449062401'}, {'ts': '1714186056063', 'price': '62965.9', 'size': '0.013', 'side': 'sell', 'tradeId': '1167946459690283009'}, {'ts': '1714186055854', 'price': '62965.9', 'size': '0.232', 'side': 'sell', 'tradeId': '1167946458813673474'}, {'ts': '1714186055840', 'price': '62965.9', 'size': '0.002', 'side': 'sell', 'tradeId': '1167946458754953217'}, {'ts': '1714186051687', 'price': '62966.4', 'size': '0.226', 'side': 'sell', 'tradeId': '1167946441336008705'}, {'ts': '1714186051236', 'price': '62966.4', 'size': '0.079', 'side': 'sell', 'tradeId': '1167946439444377601'}, {'ts': '1714186050817', 'price': '62966.4', 'size': '0.146', 'side': 'sell', 'tradeId': '1167946437686964225'}, {'ts': '1714186049798', 'price': '62965.9', 'size': '0.263', 'side': 'sell', 'tradeId': '1167946433412968450'}, {'ts': '1714186049731', 'price': '62965.5', 'size': '23.852', 'side': 'sell', 'tradeId': '1167946433131950081'}, {'ts': '1714186049672', 'price': '62970.0', 'size': '0.001', 'side': 'sell', 'tradeId': '1167946432884486235'}, {'ts': '1714186049672', 'price': '62970.0', 'size': '0.039', 'side': 'sell', 'tradeId': '1167946432884486233'}, {'ts': '1714186049672', 'price': '62970.0', 'size': '0.061', 'side': 'sell', 'tradeId': '1167946432884486230'}, {'ts': '1714186049672', 'price': '62974.4', 'size': '2.754', 'side': 'sell', 'tradeId': '1167946432884486228'}, {'ts': '1714186049672', 'price': '62974.4', 'size': '0.212', 'side': 'sell', 'tradeId': '1167946432884486226'}, {'ts': '1714186049241', 'price': '62974.4', 'size': '0.029', 'side': 'sell', 'tradeId': '1167946431076741121'}, {'ts': '1714186047017', 'price': '62978.5', 'size': '0.119', 'side': 'sell', 'tradeId': '1167946421748609024'}, {'ts': '1714186046402', 'price': '62981.1', 'size': '0.005', 'side': 'buy', 'tradeId': '1167946419169112065'}, {'ts': '1714186045166', 'price': '62981.1', 'size': '18.348', 'side': 'buy', 'tradeId': '1167946413984952321'}, {'ts': '1714186044406', 'price': '62981.1', 'size': '0.040', 'side': 'buy', 'tradeId': '1167946410797281281'}, {'ts': '1714186044402', 'price': '62981.1', 'size': '0.021', 'side': 'buy', 'tradeId': '1167946410780504146'}, {'ts': '1714186042870', 'price': '62974.4', 'size': '0.256', 'side': 'sell', 'tradeId': '1167946404354830337'}, {'ts': '1714186042608', 'price': '62974.4', 'size': '0.010', 'side': 'sell', 'tradeId': '1167946403255922689'}, {'ts': '1714186042594', 'price': '62974.4', 'size': '0.267', 'side': 'sell', 'tradeId': '1167946403197202436'}, {'ts': '1714186042594', 'price': '62974.4', 'size': '0.035', 'side': 'sell', 'tradeId': '1167946403197202434'}, {'ts': '1714186042594', 'price': '62974.4', 'size': '0.058', 'side': 'sell', 'tradeId': '1167946403197202432'}, {'ts': '1714186042593', 'price': '62974.4', 'size': '0.003', 'side': 'sell', 'tradeId': '1167946403193008133'}, {'ts': '1714186042593', 'price': '62974.4', 'size': '0.040', 'side': 'sell', 'tradeId': '1167946403193008131'}, {'ts': '1714186042593', 'price': '62974.4', 'size': '0.070', 'side': 'sell', 'tradeId': '1167946403193008129'}, {'ts': '1714186042209', 'price': '62974.4', 'size': '0.268', 'side': 'sell', 'tradeId': '1167946401582395393'}, {'ts': '1714186042090', 'price': '62974.4', 'size': '0.153', 'side': 'sell', 'tradeId': '1167946401083273217'}, {'ts': '1714186041943', 'price': '62974.4', 'size': '0.002', 'side': 'sell', 'tradeId': '1167946400466710530'}, {'ts': '1714186040729', 'price': '62974.4', 'size': '0.005', 'side': 'sell', 'tradeId': '1167946395374825473'}, {'ts': '1714186040411', 'price': '62974.4', 'size': '0.012', 'side': 'sell', 'tradeId': '1167946394041036801'}, {'ts': '1714186038511', 'price': '62976.0', 'size': '0.077', 'side': 'sell', 'tradeId': '1167946386071859254'}, {'ts': '1714186038374', 'price': '62977.5', 'size': '0.270', 'side': 'sell', 'tradeId': '1167946385497239655'}, {'ts': '1714186038374', 'price': '62978.5', 'size': '0.033', 'side': 'sell', 'tradeId': '1167946385497239653'}, {'ts': '1714186037872', 'price': '62979.7', 'size': '0.001', 'side': 'buy', 'tradeId': '1167946383391698945'}, {'ts': '1714186037074', 'price': '62980.0', 'size': '0.009', 'side': 'sell', 'tradeId': '1167946380044644383'}, {'ts': '1714186037074', 'price': '62980.0', 'size': '1.329', 'side': 'sell', 'tradeId': '1167946380044644381'}, {'ts': '1714186035079', 'price': '62980.0', 'size': '0.013', 'side': 'sell', 'tradeId': '1167946371677007873'}, {'ts': '1714186033533', 'price': '62982.0', 'size': '28.410', 'side': 'buy', 'tradeId': '1167946365192613889'}, {'ts': '1714186033464', 'price': '62980.0', 'size': '0.017', 'side': 'sell', 'tradeId': '1167946364903206913'}, {'ts': '1714186031133', 'price': '62990.0', 'size': '0.001', 'side': 'sell', 'tradeId': '1167946355126284369'}, {'ts': '1714186031133', 'price': '62990.0', 'size': '0.055', 'side': 'sell', 'tradeId': '1167946355126284367'}, {'ts': '1714186031133', 'price': '62992.6', 'size': '0.255', 'side': 'sell', 'tradeId': '1167946355126284365'}, {'ts': '1714186031133', 'price': '62992.6', 'size': '0.383', 'side': 'sell', 'tradeId': '1167946355126284363'}, {'ts': '1714186030798', 'price': '62992.6', 'size': '0.074', 'side': 'sell', 'tradeId': '1167946353721192449'}, {'ts': '1714186030689', 'price': '62992.6', 'size': '0.003', 'side': 'sell', 'tradeId': '1167946353264013313'}, {'ts': '1714186030515', 'price': '62992.7', 'size': '0.005', 'side': 'buy', 'tradeId': '1167946352534204420'}, {'ts': '1714186030515', 'price': '62992.7', 'size': '0.001', 'side': 'buy', 'tradeId': '1167946352534204417'}, {'ts': '1714186030436', 'price': '62992.6', 'size': '0.002', 'side': 'sell', 'tradeId': '1167946352202854452'}, {'ts': '1714186029593', 'price': '62993.8', 'size': '0.015', 'side': 'buy', 'tradeId': '1167946348667056131'}, {'ts': '1714186029387', 'price': '62993.8', 'size': '0.074', 'side': 'buy', 'tradeId': '1167946347803029505'}, {'ts': '1714186026739', 'price': '62992.7', 'size': '0.234', 'side': 'sell', 'tradeId': '1167946336696512513'}, {'ts': '1714186026451', 'price': '63000.1', 'size': '0.015', 'side': 'buy', 'tradeId': '1167946335488552961'}, {'ts': '1714186025730', 'price': '62998.9', 'size': '0.089', 'side': 'sell', 'tradeId': '1167946332464459777'}, {'ts': '1714186025289', 'price': '62998.9', 'size': '0.001', 'side': 'sell', 'tradeId': '1167946330614771713'}, {'ts': '1714186024737', 'price': '63004.4', 'size': '0.100', 'side': 'buy', 'tradeId': '1167946328299515907'}, {'ts': '1714186024737', 'price': '63004.3', 'size': '0.003', 'side': 'buy', 'tradeId': '1167946328299515905'}, {'ts': '1714186024081', 'price': '62999.0', 'size': '0.009', 'side': 'buy', 'tradeId': '1167946325548052494'}, {'ts': '1714186023964', 'price': '62998.9', 'size': '0.017', 'side': 'sell', 'tradeId': '1167946325057318913'}, {'ts': '1714186023420', 'price': '62998.9', 'size': '28.741', 'side': 'sell', 'tradeId': '1167946322775617537'}, {'ts': '1714186022387', 'price': '63007.0', 'size': '0.009', 'side': 'sell', 'tradeId': '1167946318442901506'}, {'ts': '1714186021780', 'price': '63012.5', 'size': '0.636', 'side': 'buy', 'tradeId': '1167946315896958980'}, {'ts': '1714186021780', 'price': '63010.0', 'size': '0.003', 'side': 'buy', 'tradeId': '1167946315896958977'}, {'ts': '1714186021519', 'price': '63009.9', 'size': '0.001', 'side': 'sell', 'tradeId': '1167946314802245633'}, {'ts': '1714186021101', 'price': '63012.5', 'size': '0.001', 'side': 'buy', 'tradeId': '1167946313049026561'}, {'ts': '1714186020328', 'price': '63012.5', 'size': '0.383', 'side': 'buy', 'tradeId': '1167946309806829569'}, {'ts': '1714186019797', 'price': '63012.5', 'size': '0.100', 'side': 'buy', 'tradeId': '1167946307579654145'}, {'ts': '1714186018101', 'price': '63007.0', 'size': '0.037', 'side': 'sell', 'tradeId': '1167946300466114561'}, {'ts': '1714186017051', 'price': '63012.5', 'size': '0.241', 'side': 'buy', 'tradeId': '1167946296062095410'}, {'ts': '1714186017051', 'price': '63007.1', 'size': '0.324', 'side': 'buy', 'tradeId': '1167946296062095408'}, {'ts': '1714186016148', 'price': '63007.1', 'size': '0.100', 'side': 'buy', 'tradeId': '1167946292274638849'}, {'ts': '1714186015166', 'price': '63007.1', 'size': '0.076', 'side': 'buy', 'tradeId': '1167946288155832321'}, {'ts': '1714186015057', 'price': '63007.1', 'size': '0.052', 'side': 'buy', 'tradeId': '1167946287698653185'}, {'ts': '1714186013567', 'price': '63007.1', 'size': '0.020', 'side': 'buy', 'tradeId': '1167946281449140228'}, {'ts': '1714186013567', 'price': '63007.1', 'size': '0.268', 'side': 'buy', 'tradeId': '1167946281449140225'}, {'ts': '1714186013138', 'price': '63014.0', 'size': '0.015', 'side': 'buy', 'tradeId': '1167946279649783811'}, {'ts': '1714186013138', 'price': '63013.9', 'size': '0.007', 'side': 'buy', 'tradeId': '1167946279649783809'}, {'ts': '1714186012782', 'price': '63010.0', 'size': '0.005', 'side': 'sell', 'tradeId': '1167946278156611585'}, {'ts': '1714186012586', 'price': '63014.6', 'size': '0.033', 'side': 'sell', 'tradeId': '1167946277334528077'}, {'ts': '1714186011982', 'price': '63020.0', 'size': '0.018', 'side': 'sell', 'tradeId': '1167946274801168392'}, {'ts': '1714186011982', 'price': '63020.8', 'size': '0.009', 'side': 'sell', 'tradeId': '1167946274801168390'}, {'ts': '1714186011982', 'price': '63020.9', 'size': '0.031', 'side': 'sell', 'tradeId': '1167946274801168387'}, {'ts': '1714186011758', 'price': '63021.0', 'size': '26.529', 'side': 'buy', 'tradeId': '1167946273861644289'}, {'ts': '1714186010189', 'price': '63021.0', 'size': '0.005', 'side': 'buy', 'tradeId': '1167946267280781313'}, {'ts': '1714186009333', 'price': '63021.0', 'size': '0.001', 'side': 'buy', 'tradeId': '1167946263690457089'}, {'ts': '1714186009272', 'price': '63021.0', 'size': '0.001', 'side': 'buy', 'tradeId': '1167946263434604545'}, {'ts': '1714186009161', 'price': '63021.0', 'size': '0.001', 'side': 'buy', 'tradeId': '1167946262969036802'}, {'ts': '1714186008571', 'price': '63021.0', 'size': '0.003', 'side': 'buy', 'tradeId': '1167946260494397441'}, {'ts': '1714186007409', 'price': '63020.1', 'size': '0.229', 'side': 'buy', 'tradeId': '1167946255620616193'}, {'ts': '1714186005376', 'price': '63020.1', 'size': '0.029', 'side': 'buy', 'tradeId': '1167946247093596162'}, {'ts': '1714186005323', 'price': '63020.1', 'size': '0.760', 'side': 'buy', 'tradeId': '1167946246871298049'}, {'ts': '1714186004222', 'price': '63020.1', 'size': '0.107', 'side': 'buy', 'tradeId': '1167946242253369345'}, {'ts': '1714186003790', 'price': '63020.1', 'size': '0.180', 'side': 'buy', 'tradeId': '1167946240441430017'}, {'ts': '1714186003562', 'price': '63020.1', 'size': '0.030', 'side': 'buy', 'tradeId': '1167946239485128708'}, {'ts': '1714186003562', 'price': '63020.1', 'size': '0.004', 'side': 'buy', 'tradeId': '1167946239485128705'}, {'ts': '1714186001875', 'price': '63020.1', 'size': '0.322', 'side': 'buy', 'tradeId': '1167946232409337857'}, {'ts': '1714186001824', 'price': '63020.1', 'size': '0.332', 'side': 'buy', 'tradeId': '1167946232195428352'}, {'ts': '1714186001148', 'price': '63017.0', 'size': '12.442', 'side': 'sell', 'tradeId': '1167946229360078849'}, {'ts': '1714186001064', 'price': '63020.1', 'size': '0.001', 'side': 'buy', 'tradeId': '1167946229007757313'}, {'ts': '1714186000718', 'price': '63020.1', 'size': '0.001', 'side': 'buy', 'tradeId': '1167946227556528129'}, {'ts': '1714185999476', 'price': '63020.1', 'size': '0.152', 'side': 'buy', 'tradeId': '1167946222347202561'}, {'ts': '1714185999090', 'price': '63020.1', 'size': '0.094', 'side': 'buy', 'tradeId': '1167946220728201217'}, {'ts': '1714185998928', 'price': '63020.1', 'size': '0.989', 'side': 'buy', 'tradeId': '1167946220048723971'}, {'ts': '1714185998928', 'price': '63020.1', 'size': '0.011', 'side': 'buy', 'tradeId': '1167946220048723969'}, {'ts': '1714185998207', 'price': '63020.1', 'size': '0.036', 'side': 'buy', 'tradeId': '1167946217024630785'}, {'ts': '1714185997754', 'price': '63016.1', 'size': '0.003', 'side': 'sell', 'tradeId': '1167946215124611073'}, {'ts': '1714185997042', 'price': '63020.1', 'size': '0.010', 'side': 'buy', 'tradeId': '1167946212138266628'}, {'ts': '1714185997042', 'price': '63020.0', 'size': '0.022', 'side': 'buy', 'tradeId': '1167946212138266625'}, {'ts': '1714185995736', 'price': '63020.0', 'size': '0.007', 'side': 'buy', 'tradeId': '1167946206660505687'}, {'ts': '1714185995673', 'price': '63020.0', 'size': '0.007', 'side': 'buy', 'tradeId': '1167946206396264449'}, {'ts': '1714185995226', 'price': '63019.9', 'size': '0.003', 'side': 'sell', 'tradeId': '1167946204521410560'}, {'ts': '1714185992888', 'price': '63020.0', 'size': '1.819', 'side': 'buy', 'tradeId': '1167946194715127809'}, {'ts': '1714185992611', 'price': '63020.0', 'size': '0.001', 'side': 'buy', 'tradeId': '1167946193553305609'}, {'ts': '1714185990613', 'price': '63020.1', 'size': '0.926', 'side': 'buy', 'tradeId': '1167946185173086210'}, {'ts': '1714185990613', 'price': '63020.1', 'size': '0.519', 'side': 'buy', 'tradeId': '1167946185173086208'}, {'ts': '1714185990005', 'price': '63016.5', 'size': '16.384', 'side': 'sell', 'tradeId': '1167946182622949377'}, {'ts': '1714185989806', 'price': '63016.1', 'size': '0.002', 'side': 'sell', 'tradeId': '1167946181788282902'}, {'ts': '1714185989783', 'price': '63020.1', 'size': '0.027', 'side': 'buy', 'tradeId': '1167946181691813889'}, {'ts': '1714185989440', 'price': '63020.1', 'size': '0.014', 'side': 'buy', 'tradeId': '1167946180253167617'}, {'ts': '1714185989276', 'price': '63020.1', 'size': '0.100', 'side': 'buy', 'tradeId': '1167946179565301761'}, {'ts': '1714185989075', 'price': '63016.1', 'size': '0.319', 'side': 'sell', 'tradeId': '1167946178722246661'}, {'ts': '1714185989075', 'price': '63016.1', 'size': '0.681', 'side': 'sell', 'tradeId': '1167946178722246659'}, {'ts': '1714185988519', 'price': '63016.1', 'size': '0.002', 'side': 'sell', 'tradeId': '1167946176390213635'}, {'ts': '1714185988519', 'price': '63016.1', 'size': '0.001', 'side': 'sell', 'tradeId': '1167946176390213633'}, {'ts': '1714185988089', 'price': '63020.1', 'size': '0.012', 'side': 'buy', 'tradeId': '1167946174586662912'}, {'ts': '1714185988017', 'price': '63020.1', 'size': '0.033', 'side': 'buy', 'tradeId': '1167946174284673027'}, {'ts': '1714185988017', 'price': '63016.2', 'size': '0.002', 'side': 'buy', 'tradeId': '1167946174284673025'}, {'ts': '1714185987987', 'price': '63011.5', 'size': '0.461', 'side': 'buy', 'tradeId': '1167946174158843909'}, {'ts': '1714185987987', 'price': '63008.0', 'size': '0.129', 'side': 'buy', 'tradeId': '1167946174158843907'}, {'ts': '1714185984425', 'price': '62996.5', 'size': '13.501', 'side': 'sell', 'tradeId': '1167946159218733058'}, {'ts': '1714185983323', 'price': '62996.6', 'size': '0.525', 'side': 'buy', 'tradeId': '1167946154596610049'}, {'ts': '1714185983108', 'price': '62996.6', 'size': '0.074', 'side': 'buy', 'tradeId': '1167946153694834689'}, {'ts': '1714185982109', 'price': '62996.6', 'size': '0.050', 'side': 'buy', 'tradeId': '1167946149504724993'}, {'ts': '1714185981764', 'price': '62996.6', 'size': '0.001', 'side': 'buy', 'tradeId': '1167946148057690113'}, {'ts': '1714185981690', 'price': '62996.6', 'size': '0.074', 'side': 'buy', 'tradeId': '1167946147747311617'}, {'ts': '1714185981325', 'price': '62996.6', 'size': '0.007', 'side': 'buy', 'tradeId': '1167946146216390657'}, {'ts': '1714185981252', 'price': '62996.6', 'size': '0.001', 'side': 'buy', 'tradeId': '1167946145910206469'}, {'ts': '1714185981252', 'price': '62996.6', 'size': '0.001', 'side': 'buy', 'tradeId': '1167946145910206464'}, {'ts': '1714185981238', 'price': '62996.6', 'size': '0.020', 'side': 'buy', 'tradeId': '1167946145851486209'}, {'ts': '1714185981235', 'price': '62996.6', 'size': '0.029', 'side': 'buy', 'tradeId': '1167946145838903302'}, {'ts': '1714185981235', 'price': '62996.6', 'size': '0.002', 'side': 'buy', 'tradeId': '1167946145838903297'}, {'ts': '1714185981231', 'price': '62996.6', 'size': '0.004', 'side': 'buy', 'tradeId': '1167946145822126081'}, {'ts': '1714185981226', 'price': '62996.6', 'size': '0.008', 'side': 'buy', 'tradeId': '1167946145801154566'}, {'ts': '1714185981226', 'price': '62996.6', 'size': '1.238', 'side': 'buy', 'tradeId': '1167946145801154561'}, {'ts': '1714185981224', 'price': '62996.6', 'size': '0.001', 'side': 'buy', 'tradeId': '1167946145792765958'}, {'ts': '1714185981224', 'price': '62996.6', 'size': '0.001', 'side': 'buy', 'tradeId': '1167946145792765953'}, {'ts': '1714185981223', 'price': '62996.6', 'size': '0.014', 'side': 'buy', 'tradeId': '1167946145788571649'}, {'ts': '1714185981215', 'price': '62996.6', 'size': '0.877', 'side': 'buy', 'tradeId': '1167946145755017217'}, {'ts': '1714185981214', 'price': '62996.6', 'size': '0.001', 'side': 'buy', 'tradeId': '1167946145750823016'}, {'ts': '1714185981214', 'price': '62996.6', 'size': '0.008', 'side': 'buy', 'tradeId': '1167946145750823011'}, {'ts': '1714185981213', 'price': '62996.7', 'size': '0.001', 'side': 'buy', 'tradeId': '1167946145746628609'}, {'ts': '1714185981211', 'price': '62996.7', 'size': '0.001', 'side': 'buy', 'tradeId': '1167946145738240010'}, {'ts': '1714185981211', 'price': '62996.7', 'size': '0.001', 'side': 'buy', 'tradeId': '1167946145738240005'}, {'ts': '1714185981211', 'price': '62996.7', 'size': '0.001', 'side': 'buy', 'tradeId': '1167946145738240000'}, {'ts': '1714185981210', 'price': '62996.7', 'size': '0.002', 'side': 'buy', 'tradeId': '1167946145734045697'}, {'ts': '1714185981206', 'price': '62996.7', 'size': '0.002', 'side': 'buy', 'tradeId': '1167946145717268487'}, {'ts': '1714185981206', 'price': '62996.7', 'size': '0.004', 'side': 'buy', 'tradeId': '1167946145717268481'}, {'ts': '1714185981205', 'price': '62996.7', 'size': '0.002', 'side': 'buy', 'tradeId': '1167946145713074182'}, {'ts': '1714185981205', 'price': '62996.7', 'size': '0.001', 'side': 'buy', 'tradeId': '1167946145713074177'}, {'ts': '1714185981204', 'price': '62996.7', 'size': '0.004', 'side': 'buy', 'tradeId': '1167946145708879874'}, {'ts': '1714185981203', 'price': '62996.7', 'size': '0.001', 'side': 'buy', 'tradeId': '1167946145704685581'}, {'ts': '1714185981201', 'price': '62996.7', 'size': '0.005', 'side': 'buy', 'tradeId': '1167946145696297001'}, {'ts': '1714185981201', 'price': '62996.7', 'size': '0.030', 'side': 'buy', 'tradeId': '1167946145696296994'}, {'ts': '1714185981201', 'price': '62996.7', 'size': '0.001', 'side': 'buy', 'tradeId': '1167946145696296988'}, {'ts': '1714185981201', 'price': '62996.7', 'size': '0.001', 'side': 'buy', 'tradeId': '1167946145696296980'}, {'ts': '1714185981201', 'price': '62996.7', 'size': '0.001', 'side': 'buy', 'tradeId': '1167946145696296971'}, {'ts': '1714185981200', 'price': '62996.7', 'size': '0.001', 'side': 'buy', 'tradeId': '1167946145692102669'}, {'ts': '1714185981198', 'price': '62996.7', 'size': '0.011', 'side': 'buy', 'tradeId': '1167946145683714061'}, {'ts': '1714185981198', 'price': '62996.7', 'size': '0.018', 'side': 'buy', 'tradeId': '1167946145683714054'}, {'ts': '1714185981197', 'price': '62996.7', 'size': '0.002', 'side': 'buy', 'tradeId': '1167946145679519753'}, {'ts': '1714185981195', 'price': '62996.7', 'size': '0.001', 'side': 'buy', 'tradeId': '1167946145671131138'}, {'ts': '1714185981191', 'price': '62996.7', 'size': '0.100', 'side': 'buy', 'tradeId': '1167946145654353931'}, {'ts': '1714185981191', 'price': '62996.6', 'size': '2.388', 'side': 'buy', 'tradeId': '1167946145654353928'}, {'ts': '1714185981191', 'price': '62996.6', 'size': '0.450', 'side': 'buy', 'tradeId': '1167946145654353922'}, {'ts': '1714185981190', 'price': '62996.6', 'size': '0.021', 'side': 'buy', 'tradeId': '1167946145650159624'}, {'ts': '1714185981190', 'price': '62996.6', 'size': '0.011', 'side': 'buy', 'tradeId': '1167946145650159619'}, {'ts': '1714185981189', 'price': '62996.6', 'size': '0.060', 'side': 'buy', 'tradeId': '1167946145645965315'}, {'ts': '1714185981188', 'price': '62996.6', 'size': '0.001', 'side': 'buy', 'tradeId': '1167946145641771014'}, {'ts': '1714185981188', 'price': '62996.6', 'size': '0.006', 'side': 'buy', 'tradeId': '1167946145641771009'}, {'ts': '1714185981186', 'price': '62996.6', 'size': '0.001', 'side': 'buy', 'tradeId': '1167946145633382401'}, {'ts': '1714185981185', 'price': '62996.6', 'size': '0.002', 'side': 'buy', 'tradeId': '1167946145629188097'}, {'ts': '1714185981184', 'price': '62996.6', 'size': '0.001', 'side': 'buy', 'tradeId': '1167946145624993798'}, {'ts': '1714185981184', 'price': '62996.6', 'size': '0.002', 'side': 'buy', 'tradeId': '1167946145624993793'}, {'ts': '1714185981183', 'price': '62996.6', 'size': '0.001', 'side': 'buy', 'tradeId': '1167946145620799499'}, {'ts': '1714185981183', 'price': '62996.6', 'size': '0.001', 'side': 'buy', 'tradeId': '1167946145620799494'}, {'ts': '1714185981183', 'price': '62996.6', 'size': '0.009', 'side': 'buy', 'tradeId': '1167946145620799489'}, {'ts': '1714185981182', 'price': '62996.6', 'size': '0.001', 'side': 'buy', 'tradeId': '1167946145616605186'}, {'ts': '1714185981181', 'price': '62996.6', 'size': '0.001', 'side': 'buy', 'tradeId': '1167946145612410932'}, {'ts': '1714185981181', 'price': '62996.6', 'size': '0.007', 'side': 'buy', 'tradeId': '1167946145612410887'}, {'ts': '1714185981181', 'price': '62996.6', 'size': '0.001', 'side': 'buy', 'tradeId': '1167946145612410882'}, {'ts': '1714185981180', 'price': '62996.6', 'size': '0.001', 'side': 'buy', 'tradeId': '1167946145608216583'}, {'ts': '1714185981180', 'price': '62996.6', 'size': '0.029', 'side': 'buy', 'tradeId': '1167946145608216577'}, {'ts': '1714185981179', 'price': '62996.6', 'size': '0.026', 'side': 'buy', 'tradeId': '1167946145604022273'}, {'ts': '1714185981178', 'price': '62996.6', 'size': '0.009', 'side': 'buy', 'tradeId': '1167946145599827985'}, {'ts': '1714185981178', 'price': '62996.6', 'size': '0.001', 'side': 'buy', 'tradeId': '1167946145599827980'}, {'ts': '1714185981178', 'price': '62996.6', 'size': '0.001', 'side': 'buy', 'tradeId': '1167946145599827975'}, {'ts': '1714185981178', 'price': '62996.6', 'size': '0.001', 'side': 'buy', 'tradeId': '1167946145599827970'}, {'ts': '1714185981177', 'price': '62996.6', 'size': '0.002', 'side': 'buy', 'tradeId': '1167946145595633680'}, {'ts': '1714185981177', 'price': '62996.6', 'size': '0.002', 'side': 'buy', 'tradeId': '1167946145595633675'}, {'ts': '1714185981177', 'price': '62996.6', 'size': '0.001', 'side': 'buy', 'tradeId': '1167946145595633670'}, {'ts': '1714185981177', 'price': '62996.6', 'size': '0.004', 'side': 'buy', 'tradeId': '1167946145595633665'}, {'ts': '1714185981176', 'price': '62996.6', 'size': '0.001', 'side': 'buy', 'tradeId': '1167946145591439437'}, {'ts': '1714185981176', 'price': '62996.6', 'size': '0.001', 'side': 'buy', 'tradeId': '1167946145591439432'}, {'ts': '1714185981176', 'price': '62996.6', 'size': '0.002', 'side': 'buy', 'tradeId': '1167946145591439427'}, {'ts': '1714185981176', 'price': '62996.6', 'size': '0.001', 'side': 'buy', 'tradeId': '1167946145591439422'}, {'ts': '1714185981176', 'price': '62996.6', 'size': '0.001', 'side': 'buy', 'tradeId': '1167946145591439417'}, {'ts': '1714185981176', 'price': '62996.6', 'size': '0.007', 'side': 'buy', 'tradeId': '1167946145591439412'}, {'ts': '1714185981175', 'price': '62996.7', 'size': '0.001', 'side': 'buy', 'tradeId': '1167946145587245058'}, {'ts': '1714185981174', 'price': '62996.7', 'size': '0.003', 'side': 'buy', 'tradeId': '1167946145583050764'}, {'ts': '1714185981174', 'price': '62996.7', 'size': '0.002', 'side': 'buy', 'tradeId': '1167946145583050759'}, {'ts': '1714185981174', 'price': '62996.7', 'size': '0.002', 'side': 'buy', 'tradeId': '1167946145583050754'}, {'ts': '1714185981173', 'price': '62996.7', 'size': '0.001', 'side': 'buy', 'tradeId': '1167946145578856455'}, {'ts': '1714185981173', 'price': '62996.7', 'size': '0.030', 'side': 'buy', 'tradeId': '1167946145578856450'}, {'ts': '1714185981172', 'price': '62996.7', 'size': '0.013', 'side': 'buy', 'tradeId': '1167946145574662146'}, {'ts': '1714185981171', 'price': '62996.7', 'size': '0.001', 'side': 'buy', 'tradeId': '1167946145570467841'}, {'ts': '1714185981170', 'price': '62996.7', 'size': '0.001', 'side': 'buy', 'tradeId': '1167946145566273542'}, {'ts': '1714185981170', 'price': '62996.7', 'size': '0.001', 'side': 'buy', 'tradeId': '1167946145566273537'}, {'ts': '1714185981169', 'price': '62996.7', 'size': '0.001', 'side': 'buy', 'tradeId': '1167946145562079234'}, {'ts': '1714185981168', 'price': '62996.7', 'size': '0.001', 'side': 'buy', 'tradeId': '1167946145557884929'}, {'ts': '1714185981167', 'price': '62996.7', 'size': '0.011', 'side': 'buy', 'tradeId': '1167946145553690635'}, {'ts': '1714185981167', 'price': '62996.7', 'size': '0.001', 'side': 'buy', 'tradeId': '1167946145553690630'}, {'ts': '1714185981167', 'price': '62996.7', 'size': '0.015', 'side': 'buy', 'tradeId': '1167946145553690625'}, {'ts': '1714185981166', 'price': '62996.7', 'size': '0.011', 'side': 'buy', 'tradeId': '1167946145549496346'}, {'ts': '1714185981166', 'price': '62996.7', 'size': '0.047', 'side': 'buy', 'tradeId': '1167946145549496341'}, {'ts': '1714185981166', 'price': '62996.7', 'size': '0.001', 'side': 'buy', 'tradeId': '1167946145549496336'}, {'ts': '1714185981166', 'price': '62996.7', 'size': '0.003', 'side': 'buy', 'tradeId': '1167946145549496331'}, {'ts': '1714185981166', 'price': '62996.7', 'size': '0.001', 'side': 'buy', 'tradeId': '1167946145549496326'}, {'ts': '1714185981166', 'price': '62996.7', 'size': '0.001', 'side': 'buy', 'tradeId': '1167946145549496321'}, {'ts': '1714185981165', 'price': '62996.7', 'size': '0.001', 'side': 'buy', 'tradeId': '1167946145545302032'}, {'ts': '1714185981165', 'price': '62996.7', 'size': '0.001', 'side': 'buy', 'tradeId': '1167946145545302027'}, {'ts': '1714185981165', 'price': '62996.7', 'size': '0.010', 'side': 'buy', 'tradeId': '1167946145545302022'}, {'ts': '1714185981165', 'price': '62996.7', 'size': '0.009', 'side': 'buy', 'tradeId': '1167946145545302017'}, {'ts': '1714185981162', 'price': '62996.7', 'size': '0.001', 'side': 'buy', 'tradeId': '1167946145532719110'}, {'ts': '1714185981162', 'price': '62996.7', 'size': '0.002', 'side': 'buy', 'tradeId': '1167946145532719105'}, {'ts': '1714185981161', 'price': '62996.7', 'size': '0.002', 'side': 'buy', 'tradeId': '1167946145528524811'}, {'ts': '1714185981161', 'price': '62996.7', 'size': '0.002', 'side': 'buy', 'tradeId': '1167946145528524806'}, {'ts': '1714185981161', 'price': '62996.7', 'size': '0.001', 'side': 'buy', 'tradeId': '1167946145528524801'}, {'ts': '1714185981160', 'price': '62996.7', 'size': '0.006', 'side': 'buy', 'tradeId': '1167946145524330507'}, {'ts': '1714185981160', 'price': '62996.7', 'size': '0.004', 'side': 'buy', 'tradeId': '1167946145524330502'}, {'ts': '1714185981160', 'price': '62996.7', 'size': '0.012', 'side': 'buy', 'tradeId': '1167946145524330497'}, {'ts': '1714185981159', 'price': '62996.7', 'size': '0.001', 'side': 'buy', 'tradeId': '1167946145520136204'}, {'ts': '1714185981159', 'price': '62996.7', 'size': '0.010', 'side': 'buy', 'tradeId': '1167946145520136198'}, {'ts': '1714185981159', 'price': '62996.7', 'size': '0.001', 'side': 'buy', 'tradeId': '1167946145520136193'}, {'ts': '1714185981158', 'price': '62996.7', 'size': '0.001', 'side': 'buy', 'tradeId': '1167946145515941910'}, {'ts': '1714185981158', 'price': '62996.7', 'size': '0.026', 'side': 'buy', 'tradeId': '1167946145515941905'}, {'ts': '1714185981158', 'price': '62996.7', 'size': '0.001', 'side': 'buy', 'tradeId': '1167946145515941900'}, {'ts': '1714185981158', 'price': '62996.7', 'size': '0.002', 'side': 'buy', 'tradeId': '1167946145515941895'}, {'ts': '1714185981158', 'price': '62996.7', 'size': '0.001', 'side': 'buy', 'tradeId': '1167946145515941890'}, {'ts': '1714185981157', 'price': '62996.7', 'size': '0.001', 'side': 'buy', 'tradeId': '1167946145511747586'}, {'ts': '1714185981156', 'price': '62996.7', 'size': '0.001', 'side': 'buy', 'tradeId': '1167946145507553286'}, {'ts': '1714185981156', 'price': '62996.7', 'size': '0.001', 'side': 'buy', 'tradeId': '1167946145507553281'}, {'ts': '1714185981155', 'price': '62996.7', 'size': '0.004', 'side': 'buy', 'tradeId': '1167946145503358991'}, {'ts': '1714185981155', 'price': '62996.7', 'size': '0.002', 'side': 'buy', 'tradeId': '1167946145503358986'}, {'ts': '1714185981155', 'price': '62996.7', 'size': '0.004', 'side': 'buy', 'tradeId': '1167946145503358981'}, {'ts': '1714185981155', 'price': '62996.7', 'size': '0.001', 'side': 'buy', 'tradeId': '1167946145503358976'}, {'ts': '1714185981154', 'price': '62996.7', 'size': '0.001', 'side': 'buy', 'tradeId': '1167946145499164678'}, {'ts': '1714185981154', 'price': '62996.7', 'size': '0.010', 'side': 'buy', 'tradeId': '1167946145499164673'}, {'ts': '1714185981153', 'price': '62996.7', 'size': '0.020', 'side': 'buy', 'tradeId': '1167946145494970369'}, {'ts': '1714185981152', 'price': '62996.7', 'size': '0.003', 'side': 'buy', 'tradeId': '1167946145490776077'}, {'ts': '1714185981152', 'price': '62996.7', 'size': '0.001', 'side': 'buy', 'tradeId': '1167946145490776072'}, {'ts': '1714185981152', 'price': '62996.7', 'size': '0.010', 'side': 'buy', 'tradeId': '1167946145490776067'}, {'ts': '1714185981151', 'price': '62996.7', 'size': '0.001', 'side': 'buy', 'tradeId': '1167946145486581777'}, {'ts': '1714185981151', 'price': '62996.7', 'size': '0.002', 'side': 'buy', 'tradeId': '1167946145486581771'}, {'ts': '1714185981151', 'price': '62996.7', 'size': '0.002', 'side': 'buy', 'tradeId': '1167946145486581766'}, {'ts': '1714185981151', 'price': '62996.7', 'size': '0.002', 'side': 'buy', 'tradeId': '1167946145486581761'}, {'ts': '1714185981149', 'price': '62996.7', 'size': '0.001', 'side': 'buy', 'tradeId': '1167946145478193186'}, {'ts': '1714185981149', 'price': '62996.7', 'size': '0.001', 'side': 'buy', 'tradeId': '1167946145478193181'}, {'ts': '1714185981149', 'price': '62996.7', 'size': '0.003', 'side': 'buy', 'tradeId': '1167946145478193176'}, {'ts': '1714185981149', 'price': '62996.7', 'size': '0.492', 'side': 'buy', 'tradeId': '1167946145478193172'}, {'ts': '1714185981149', 'price': '62996.6', 'size': '2.668', 'side': 'buy', 'tradeId': '1167946145478193169'}, {'ts': '1714185981149', 'price': '62996.6', 'size': '0.001', 'side': 'buy', 'tradeId': '1167946145478193164'}, {'ts': '1714185981149', 'price': '62996.6', 'size': '0.002', 'side': 'buy', 'tradeId': '1167946145478193159'}, {'ts': '1714185981149', 'price': '62996.6', 'size': '0.199', 'side': 'buy', 'tradeId': '1167946145478193154'}, {'ts': '1714185981148', 'price': '62996.6', 'size': '0.001', 'side': 'buy', 'tradeId': '1167946145473998851'}, {'ts': '1714185981147', 'price': '62996.6', 'size': '0.003', 'side': 'buy', 'tradeId': '1167946145469804560'}, {'ts': '1714185981147', 'price': '62996.6', 'size': '0.001', 'side': 'buy', 'tradeId': '1167946145469804555'}, {'ts': '1714185981147', 'price': '62996.6', 'size': '0.001', 'side': 'buy', 'tradeId': '1167946145469804550'}, {'ts': '1714185981147', 'price': '62996.6', 'size': '0.012', 'side': 'buy', 'tradeId': '1167946145469804545'}, {'ts': '1714185981146', 'price': '62996.6', 'size': '0.005', 'side': 'buy', 'tradeId': '1167946145465610246'}, {'ts': '1714185981146', 'price': '62996.6', 'size': '0.002', 'side': 'buy', 'tradeId': '1167946145465610241'}, {'ts': '1714185981145', 'price': '62996.6', 'size': '0.001', 'side': 'buy', 'tradeId': '1167946145461415938'}, {'ts': '1714185981144', 'price': '62996.6', 'size': '0.006', 'side': 'buy', 'tradeId': '1167946145457221657'}, {'ts': '1714185981144', 'price': '62996.6', 'size': '0.028', 'side': 'buy', 'tradeId': '1167946145457221648'}, {'ts': '1714185981144', 'price': '62996.6', 'size': '0.002', 'side': 'buy', 'tradeId': '1167946145457221643'}, {'ts': '1714185981144', 'price': '62996.6', 'size': '0.006', 'side': 'buy', 'tradeId': '1167946145457221635'}, {'ts': '1714185981143', 'price': '62996.6', 'size': '0.007', 'side': 'buy', 'tradeId': '1167946145453027338'}, {'ts': '1714185981142', 'price': '62996.6', 'size': '0.001', 'side': 'buy', 'tradeId': '1167946145448833051'}, {'ts': '1714185981142', 'price': '62996.6', 'size': '0.001', 'side': 'buy', 'tradeId': '1167946145448833045'}, {'ts': '1714185981142', 'price': '62996.6', 'size': '0.001', 'side': 'buy', 'tradeId': '1167946145448833039'}, {'ts': '1714185981142', 'price': '62996.6', 'size': '0.005', 'side': 'buy', 'tradeId': '1167946145448833033'}, {'ts': '1714185981142', 'price': '62996.6', 'size': '0.004', 'side': 'buy', 'tradeId': '1167946145448833026'}, {'ts': '1714185981141', 'price': '62996.6', 'size': '0.008', 'side': 'buy', 'tradeId': '1167946145444638728'}, {'ts': '1714185981140', 'price': '62996.6', 'size': '0.009', 'side': 'buy', 'tradeId': '1167946145440444426'}, {'ts': '1714185981139', 'price': '62996.6', 'size': '0.002', 'side': 'buy', 'tradeId': '1167946145436250117'}, {'ts': '1714185981138', 'price': '62996.6', 'size': '0.007', 'side': 'buy', 'tradeId': '1167946145432055824'}, {'ts': '1714185981138', 'price': '62996.6', 'size': '0.002', 'side': 'buy', 'tradeId': '1167946145432055815'}, {'ts': '1714185981138', 'price': '62996.6', 'size': '0.002', 'side': 'buy', 'tradeId': '1167946145432055809'}, {'ts': '1714185981137', 'price': '62996.6', 'size': '0.001', 'side': 'buy', 'tradeId': '1167946145427861517'}, {'ts': '1714185981137', 'price': '62996.6', 'size': '0.002', 'side': 'buy', 'tradeId': '1167946145427861512'}, {'ts': '1714185981137', 'price': '62996.6', 'size': '0.001', 'side': 'buy', 'tradeId': '1167946145427861506'}, {'ts': '1714185981136', 'price': '62996.6', 'size': '0.001', 'side': 'buy', 'tradeId': '1167946145423667211'}, {'ts': '1714185981136', 'price': '62996.6', 'size': '0.010', 'side': 'buy', 'tradeId': '1167946145423667206'}, {'ts': '1714185981136', 'price': '62996.6', 'size': '0.001', 'side': 'buy', 'tradeId': '1167946145423667201'}, {'ts': '1714185981135', 'price': '62996.6', 'size': '0.018', 'side': 'buy', 'tradeId': '1167946145419472897'}, {'ts': '1714185981134', 'price': '62996.6', 'size': '0.001', 'side': 'buy', 'tradeId': '1167946145415278607'}, {'ts': '1714185981134', 'price': '62996.6', 'size': '0.001', 'side': 'buy', 'tradeId': '1167946145415278602'}, {'ts': '1714185981134', 'price': '62996.6', 'size': '0.001', 'side': 'buy', 'tradeId': '1167946145415278597'}, {'ts': '1714185981134', 'price': '62996.6', 'size': '0.002', 'side': 'buy', 'tradeId': '1167946145415278593'}, {'ts': '1714185981133', 'price': '62996.6', 'size': '0.005', 'side': 'buy', 'tradeId': '1167946145411084341'}, {'ts': '1714185981133', 'price': '62996.6', 'size': '0.001', 'side': 'buy', 'tradeId': '1167946145411084336'}, {'ts': '1714185981132', 'price': '62996.7', 'size': '0.003', 'side': 'buy', 'tradeId': '1167946145406889991'}, {'ts': '1714185981132', 'price': '62996.7', 'size': '0.001', 'side': 'buy', 'tradeId': '1167946145406889986'}, {'ts': '1714185981131', 'price': '62996.7', 'size': '0.023', 'side': 'buy', 'tradeId': '1167946145402695691'}, {'ts': '1714185981131', 'price': '62996.7', 'size': '0.030', 'side': 'buy', 'tradeId': '1167946145402695686'}, {'ts': '1714185981131', 'price': '62996.7', 'size': '0.001', 'side': 'buy', 'tradeId': '1167946145402695681'}, {'ts': '1714185981130', 'price': '62996.7', 'size': '0.002', 'side': 'buy', 'tradeId': '1167946145398501387'}, {'ts': '1714185981130', 'price': '62996.7', 'size': '0.025', 'side': 'buy', 'tradeId': '1167946145398501382'}, {'ts': '1714185981130', 'price': '62996.7', 'size': '0.004', 'side': 'buy', 'tradeId': '1167946145398501377'}, {'ts': '1714185981127', 'price': '62996.7', 'size': '0.001', 'side': 'buy', 'tradeId': '1167946145385918466'}, {'ts': '1714185981126', 'price': '62996.7', 'size': '0.001', 'side': 'buy', 'tradeId': '1167946145381724181'}, {'ts': '1714185981126', 'price': '62996.7', 'size': '0.001', 'side': 'buy', 'tradeId': '1167946145381724176'}, {'ts': '1714185981126', 'price': '62996.7', 'size': '0.001', 'side': 'buy', 'tradeId': '1167946145381724171'}, {'ts': '1714185981126', 'price': '62996.7', 'size': '0.001', 'side': 'buy', 'tradeId': '1167946145381724166'}, {'ts': '1714185981126', 'price': '62996.7', 'size': '0.001', 'side': 'buy', 'tradeId': '1167946145381724161'}, {'ts': '1714185981125', 'price': '62996.7', 'size': '0.001', 'side': 'buy', 'tradeId': '1167946145377529871'}, {'ts': '1714185981125', 'price': '62996.7', 'size': '0.007', 'side': 'buy', 'tradeId': '1167946145377529867'}, {'ts': '1714185981125', 'price': '62996.7', 'size': '0.011', 'side': 'buy', 'tradeId': '1167946145377529862'}, {'ts': '1714185981125', 'price': '62996.7', 'size': '0.009', 'side': 'buy', 'tradeId': '1167946145377529857'}, {'ts': '1714185981124', 'price': '62996.7', 'size': '0.085', 'side': 'buy', 'tradeId': '1167946145373335553'}, {'ts': '1714185981123', 'price': '62996.7', 'size': '0.004', 'side': 'buy', 'tradeId': '1167946145369141261'}, {'ts': '1714185981123', 'price': '62996.7', 'size': '0.001', 'side': 'buy', 'tradeId': '1167946145369141255'}, {'ts': '1714185981123', 'price': '62996.7', 'size': '0.030', 'side': 'buy', 'tradeId': '1167946145369141251'}, {'ts': '1714185981122', 'price': '62996.7', 'size': '0.001', 'side': 'buy', 'tradeId': '1167946145364946945'}, {'ts': '1714185981121', 'price': '62996.7', 'size': '0.001', 'side': 'buy', 'tradeId': '1167946145360752641'}, {'ts': '1714185981120', 'price': '62996.7', 'size': '0.009', 'side': 'buy', 'tradeId': '1167946145356558373'}, {'ts': '1714185981120', 'price': '62996.7', 'size': '0.012', 'side': 'buy', 'tradeId': '1167946145356558339'}, {'ts': '1714185981119', 'price': '62996.7', 'size': '0.006', 'side': 'buy', 'tradeId': '1167946145352364033'}, {'ts': '1714185981117', 'price': '62996.7', 'size': '0.001', 'side': 'buy', 'tradeId': '1167946145343975429'}, {'ts': '1714185981117', 'price': '62996.7', 'size': '0.023', 'side': 'buy', 'tradeId': '1167946145343975425'}, {'ts': '1714185981116', 'price': '62996.7', 'size': '0.012', 'side': 'buy', 'tradeId': '1167946145339781130'}, {'ts': '1714185981116', 'price': '62996.7', 'size': '0.008', 'side': 'buy', 'tradeId': '1167946145339781125'}, {'ts': '1714185981116', 'price': '62996.7', 'size': '0.094', 'side': 'buy', 'tradeId': '1167946145339781120'}, {'ts': '1714185981115', 'price': '62996.7', 'size': '0.018', 'side': 'buy', 'tradeId': '1167946145335586833'}, {'ts': '1714185981115', 'price': '62996.7', 'size': '0.006', 'side': 'buy', 'tradeId': '1167946145335586827'}, {'ts': '1714185981115', 'price': '62996.7', 'size': '0.001', 'side': 'buy', 'tradeId': '1167946145335586822'}, {'ts': '1714185981115', 'price': '62996.7', 'size': '0.001', 'side': 'buy', 'tradeId': '1167946145335586817'}, {'ts': '1714185981114', 'price': '62996.7', 'size': '0.015', 'side': 'buy', 'tradeId': '1167946145331392513'}, {'ts': '1714185981113', 'price': '62996.7', 'size': '0.053', 'side': 'buy', 'tradeId': '1167946145327198229'}, {'ts': '1714185981113', 'price': '62996.7', 'size': '0.001', 'side': 'buy', 'tradeId': '1167946145327198224'}, {'ts': '1714185981113', 'price': '62996.7', 'size': '0.001', 'side': 'buy', 'tradeId': '1167946145327198219'}, {'ts': '1714185981113', 'price': '62996.7', 'size': '0.006', 'side': 'buy', 'tradeId': '1167946145327198214'}, {'ts': '1714185981113', 'price': '62996.7', 'size': '0.006', 'side': 'buy', 'tradeId': '1167946145327198209'}, {'ts': '1714185981112', 'price': '62996.7', 'size': '0.022', 'side': 'buy', 'tradeId': '1167946145323003910'}, {'ts': '1714185981112', 'price': '62996.7', 'size': '0.001', 'side': 'buy', 'tradeId': '1167946145323003905'}, {'ts': '1714185981111', 'price': '62996.7', 'size': '0.015', 'side': 'buy', 'tradeId': '1167946145318809602'}, {'ts': '1714185981110', 'price': '62996.7', 'size': '0.683', 'side': 'buy', 'tradeId': '1167946145314615306'}, {'ts': '1714185981110', 'price': '62996.6', 'size': '2.384', 'side': 'buy', 'tradeId': '1167946145314615303'}, {'ts': '1714185981110', 'price': '62996.6', 'size': '0.018', 'side': 'buy', 'tradeId': '1167946145314615297'}, {'ts': '1714185981109', 'price': '62996.6', 'size': '0.010', 'side': 'buy', 'tradeId': '1167946145310421004'}, {'ts': '1714185981109', 'price': '62996.6', 'size': '0.010', 'side': 'buy', 'tradeId': '1167946145310420997'}, {'ts': '1714185981109', 'price': '62996.6', 'size': '0.009', 'side': 'buy', 'tradeId': '1167946145310420993'}, {'ts': '1714185981108', 'price': '62996.6', 'size': '0.003', 'side': 'buy', 'tradeId': '1167946145306226689'}, {'ts': '1714185981107', 'price': '62996.6', 'size': '0.027', 'side': 'buy', 'tradeId': '1167946145302032396'}, {'ts': '1714185981107', 'price': '62996.6', 'size': '0.012', 'side': 'buy', 'tradeId': '1167946145302032391'}, {'ts': '1714185981107', 'price': '62996.6', 'size': '0.075', 'side': 'buy', 'tradeId': '1167946145302032385'}, {'ts': '1714185981106', 'price': '62996.6', 'size': '0.077', 'side': 'buy', 'tradeId': '1167946145297838087'}, {'ts': '1714185981106', 'price': '62996.6', 'size': '0.008', 'side': 'buy', 'tradeId': '1167946145297838082'}, {'ts': '1714185981105', 'price': '62996.6', 'size': '0.006', 'side': 'buy', 'tradeId': '1167946145293643786'}, {'ts': '1714185981105', 'price': '62996.6', 'size': '0.015', 'side': 'buy', 'tradeId': '1167946145293643782'}, {'ts': '1714185981105', 'price': '62996.6', 'size': '0.007', 'side': 'buy', 'tradeId': '1167946145293643777'}, {'ts': '1714185981104', 'price': '62996.6', 'size': '0.001', 'side': 'buy', 'tradeId': '1167946145289449478'}, {'ts': '1714185981104', 'price': '62996.6', 'size': '0.025', 'side': 'buy', 'tradeId': '1167946145289449473'}, {'ts': '1714185981103', 'price': '62996.6', 'size': '0.001', 'side': 'buy', 'tradeId': '1167946145285255174'}, {'ts': '1714185981103', 'price': '62996.6', 'size': '0.001', 'side': 'buy', 'tradeId': '1167946145285255169'}, {'ts': '1714185981102', 'price': '62996.6', 'size': '0.038', 'side': 'buy', 'tradeId': '1167946145281060876'}, {'ts': '1714185981102', 'price': '62996.6', 'size': '0.006', 'side': 'buy', 'tradeId': '1167946145281060871'}, {'ts': '1714185981102', 'price': '62996.6', 'size': '0.030', 'side': 'buy', 'tradeId': '1167946145281060866'}, {'ts': '1714185981101', 'price': '62996.6', 'size': '0.015', 'side': 'buy', 'tradeId': '1167946145276866567'}, {'ts': '1714185981101', 'price': '62996.6', 'size': '0.005', 'side': 'buy', 'tradeId': '1167946145276866562'}, {'ts': '1714185981100', 'price': '62996.6', 'size': '0.015', 'side': 'buy', 'tradeId': '1167946145272672257'}, {'ts': '1714185981099', 'price': '62996.6', 'size': '0.003', 'side': 'buy', 'tradeId': '1167946145268477958'}, {'ts': '1714185981099', 'price': '62996.6', 'size': '0.022', 'side': 'buy', 'tradeId': '1167946145268477953'}, {'ts': '1714185981096', 'price': '62996.6', 'size': '0.001', 'side': 'buy', 'tradeId': '1167946145255895052'}, {'ts': '1714185981096', 'price': '62996.6', 'size': '0.003', 'side': 'buy', 'tradeId': '1167946145255895047'}, {'ts': '1714185981096', 'price': '62996.6', 'size': '0.066', 'side': 'buy', 'tradeId': '1167946145255895042'}, {'ts': '1714185981095', 'price': '62996.6', 'size': '0.061', 'side': 'buy', 'tradeId': '1167946145251700752'}, {'ts': '1714185981095', 'price': '62996.6', 'size': '0.021', 'side': 'buy', 'tradeId': '1167946145251700747'}, {'ts': '1714185981095', 'price': '62996.6', 'size': '0.006', 'side': 'buy', 'tradeId': '1167946145251700742'}, {'ts': '1714185981095', 'price': '62996.6', 'size': '0.015', 'side': 'buy', 'tradeId': '1167946145251700737'}, {'ts': '1714185981093', 'price': '62996.6', 'size': '0.030', 'side': 'buy', 'tradeId': '1167946145243312134'}, {'ts': '1714185981093', 'price': '62996.6', 'size': '0.006', 'side': 'buy', 'tradeId': '1167946145243312129'}, {'ts': '1714185981091', 'price': '62996.6', 'size': '0.001', 'side': 'buy', 'tradeId': '1167946145234923526'}, {'ts': '1714185981091', 'price': '62996.6', 'size': '0.002', 'side': 'buy', 'tradeId': '1167946145234923521'}, {'ts': '1714185981090', 'price': '62996.6', 'size': '0.001', 'side': 'buy', 'tradeId': '1167946145230729217'}, {'ts': '1714185981088', 'price': '62996.6', 'size': '0.005', 'side': 'buy', 'tradeId': '1167946145222340609'}, {'ts': '1714185980779', 'price': '63001.8', 'size': '3.136', 'side': 'buy', 'tradeId': '1167946143926300711'}, {'ts': '1714185980779', 'price': '63000.9', 'size': '0.018', 'side': 'buy', 'tradeId': '1167946143926300709'}, {'ts': '1714185980779', 'price': '63000.6', 'size': '3.021', 'side': 'buy', 'tradeId': '1167946143926300707'}, {'ts': '1714185980779', 'price': '63000.5', 'size': '3.028', 'side': 'buy', 'tradeId': '1167946143926300705'}, {'ts': '1714185980779', 'price': '63000.4', 'size': '3.010', 'side': 'buy', 'tradeId': '1167946143926300703'}, {'ts': '1714185980779', 'price': '63000.3', 'size': '3.037', 'side': 'buy', 'tradeId': '1167946143926300701'}, {'ts': '1714185980779', 'price': '63000.0', 'size': '2.715', 'side': 'buy', 'tradeId': '1167946143926300699'}, {'ts': '1714185980779', 'price': '63000.0', 'size': '0.015', 'side': 'buy', 'tradeId': '1167946143926300696'}, {'ts': '1714185980779', 'price': '63000.0', 'size': '0.109', 'side': 'buy', 'tradeId': '1167946143926300693'}, {'ts': '1714185980779', 'price': '63000.0', 'size': '0.218', 'side': 'buy', 'tradeId': '1167946143926300690'}, {'ts': '1714185980779', 'price': '62999.7', 'size': '3.012', 'side': 'buy', 'tradeId': '1167946143926300688'}, {'ts': '1714185980779', 'price': '62999.6', 'size': '3.034', 'side': 'buy', 'tradeId': '1167946143926300686'}, {'ts': '1714185980779', 'price': '62998.6', 'size': '3.025', 'side': 'buy', 'tradeId': '1167946143926300684'}, {'ts': '1714185980779', 'price': '62998.3', 'size': '3.038', 'side': 'buy', 'tradeId': '1167946143926300682'}, {'ts': '1714185980779', 'price': '62998.2', 'size': '3.025', 'side': 'buy', 'tradeId': '1167946143926300680'}, {'ts': '1714185980779', 'price': '62997.2', 'size': '3.026', 'side': 'buy', 'tradeId': '1167946143926300678'}, {'ts': '1714185980779', 'price': '62996.7', 'size': '0.515', 'side': 'buy', 'tradeId': '1167946143926300676'}, {'ts': '1714185980779', 'price': '62996.6', 'size': '3.018', 'side': 'buy', 'tradeId': '1167946143926300673'}, {'ts': '1714185980418', 'price': '62993.9', 'size': '0.625', 'side': 'buy', 'tradeId': '1167946142412156932'}, {'ts': '1714185980418', 'price': '62990.0', 'size': '0.028', 'side': 'buy', 'tradeId': '1167946142412156929'}, {'ts': '1714185978523', 'price': '62990.0', 'size': '0.366', 'side': 'buy', 'tradeId': '1167946134463950848'}, {'ts': '1714185978522', 'price': '62986.5', 'size': '0.034', 'side': 'buy', 'tradeId': '1167946134459756545'}, {'ts': '1714185978204', 'price': '62985.0', 'size': '0.005', 'side': 'buy', 'tradeId': '1167946133125967876'}, {'ts': '1714185977989', 'price': '62984.0', 'size': '0.001', 'side': 'buy', 'tradeId': '1167946132224192513'}, {'ts': '1714185977272', 'price': '62983.9', 'size': '0.007', 'side': 'sell', 'tradeId': '1167946129216876545'}, {'ts': '1714185974642', 'price': '62983.9', 'size': '0.024', 'side': 'sell', 'tradeId': '1167946118185857025'}, {'ts': '1714185973796', 'price': '62984.0', 'size': '27.604', 'side': 'buy', 'tradeId': '1167946114637475841'}, {'ts': '1714185970040', 'price': '62980.0', 'size': '0.015', 'side': 'sell', 'tradeId': '1167946098883670017'}, {'ts': '1714185966942', 'price': '62983.9', 'size': '0.017', 'side': 'buy', 'tradeId': '1167946085889716225'}, {'ts': '1714185965720', 'price': '62984.0', 'size': '0.014', 'side': 'buy', 'tradeId': '1167946080764276737'}, {'ts': '1714185965223', 'price': '62980.0', 'size': '0.093', 'side': 'sell', 'tradeId': '1167946078679707650'}, {'ts': '1714185965223', 'price': '62980.1', 'size': '0.003', 'side': 'sell', 'tradeId': '1167946078679707648'}