1714262398689 [{'ts': '1714262395202', 'price': '63400.5', 'size': '0.011', 'side': 'sell', 'tradeId': '1168266649246347265'}, {'ts': '1714262394834', 'price': '63404.8', 'size': '0.013', 'side': 'buy', 'tradeId': '1168266647702843393'}, {'ts': '1714262393219', 'price': '63402.1', 'size': '42.983', 'side': 'sell', 'tradeId': '1168266640929042433'}, {'ts': '1714262391607', 'price': '63401.9', 'size': '0.012', 'side': 'sell', 'tradeId': '1168266634167824390'}, {'ts': '1714262391607', 'price': '63402.0', 'size': '0.031', 'side': 'sell', 'tradeId': '1168266634167824388'}, {'ts': '1714262391607', 'price': '63402.1', 'size': '0.001', 'side': 'sell', 'tradeId': '1168266634167824385'}, {'ts': '1714262388195', 'price': '63402.1', 'size': '0.001', 'side': 'sell', 'tradeId': '1168266619856859137'}, {'ts': '1714262387233', 'price': '63404.9', 'size': '0.002', 'side': 'buy', 'tradeId': '1168266615821938773'}, {'ts': '1714262386827', 'price': '63403.5', 'size': '0.003', 'side': 'sell', 'tradeId': '1168266614119051276'}, {'ts': '1714262386827', 'price': '63403.6', 'size': '0.002', 'side': 'sell', 'tradeId': '1168266614119051274'}, {'ts': '1714262386827', 'price': '63403.7', 'size': '0.004', 'side': 'sell', 'tradeId': '1168266614119051271'}, {'ts': '1714262386827', 'price': '63403.7', 'size': '0.047', 'side': 'sell', 'tradeId': '1168266614119051269'}, {'ts': '1714262386827', 'price': '63403.8', 'size': '0.001', 'side': 'sell', 'tradeId': '1168266614119051267'}, {'ts': '1714262386827', 'price': '63404.8', 'size': '0.033', 'side': 'sell', 'tradeId': '1168266614119051265'}, {'ts': '1714262386242', 'price': '63403.8', 'size': '0.050', 'side': 'buy', 'tradeId': '1168266611665383425'}, {'ts': '1714262384519', 'price': '63403.7', 'size': '0.008', 'side': 'sell', 'tradeId': '1168266604438597635'}, {'ts': '1714262384519', 'price': '63403.7', 'size': '0.001', 'side': 'sell', 'tradeId': '1168266604438597633'}, {'ts': '1714262383548', 'price': '63404.8', 'size': '0.050', 'side': 'sell', 'tradeId': '1168266600365928449'}, {'ts': '1714262383439', 'price': '63404.8', 'size': '0.001', 'side': 'sell', 'tradeId': '1168266599908749313'}, {'ts': '1714262381623', 'price': '63399.5', 'size': '25.768', 'side': 'buy', 'tradeId': '1168266592291893249'}, {'ts': '1714262379158', 'price': '63404.9', 'size': '0.014', 'side': 'buy', 'tradeId': '1168266581952933889'}, {'ts': '1714262376733', 'price': '63404.9', 'size': '0.001', 'side': 'buy', 'tradeId': '1168266571781746688'}, {'ts': '1714262373673', 'price': '63404.9', 'size': '0.024', 'side': 'buy', 'tradeId': '1168266558947176449'}, {'ts': '1714262373544', 'price': '63404.9', 'size': '0.055', 'side': 'buy', 'tradeId': '1168266558406111234'}, {'ts': '1714262372490', 'price': '63404.9', 'size': '0.002', 'side': 'buy', 'tradeId': '1168266553985314817'}, {'ts': '1714262370541', 'price': '63408.0', 'size': '12.494', 'side': 'buy', 'tradeId': '1168266545810616321'}, {'ts': '1714262369709', 'price': '63412.9', 'size': '0.156', 'side': 'buy', 'tradeId': '1168266542320955393'}, {'ts': '1714262369473', 'price': '63412.8', 'size': '0.197', 'side': 'buy', 'tradeId': '1168266541331099652'}, {'ts': '1714262369473', 'price': '63412.8', 'size': '0.003', 'side': 'buy', 'tradeId': '1168266541331099649'}, {'ts': '1714262369308', 'price': '63407.4', 'size': '0.053', 'side': 'sell', 'tradeId': '1168266540639039489'}, {'ts': '1714262368549', 'price': '63412.9', 'size': '0.010', 'side': 'buy', 'tradeId': '1168266537455562755'}, {'ts': '1714262368549', 'price': '63412.8', 'size': '0.021', 'side': 'buy', 'tradeId': '1168266537455562753'}, {'ts': '1714262368510', 'price': '63412.8', 'size': '7.333', 'side': 'buy', 'tradeId': '1168266537291984897'}, {'ts': '1714262367230', 'price': '63412.9', 'size': '0.252', 'side': 'buy', 'tradeId': '1168266531923275779'}, {'ts': '1714262367230', 'price': '63412.8', 'size': '0.057', 'side': 'buy', 'tradeId': '1168266531923275777'}, {'ts': '1714262366899', 'price': '63412.8', 'size': '0.066', 'side': 'buy', 'tradeId': '1168266530534961153'}, {'ts': '1714262366053', 'price': '63417.8', 'size': '0.072', 'side': 'sell', 'tradeId': '1168266526986579972'}, {'ts': '1714262361435', 'price': '63417.9', 'size': '0.010', 'side': 'buy', 'tradeId': '1168266507617284096'}, {'ts': '1714262359260', 'price': '63417.8', 'size': '0.031', 'side': 'sell', 'tradeId': '1168266498494672897'}, {'ts': '1714262359107', 'price': '63410.0', 'size': '0.013', 'side': 'buy', 'tradeId': '1168266497852944387'}, {'ts': '1714262357774', 'price': '63400.2', 'size': '0.016', 'side': 'sell', 'tradeId': '1168266492261937161'}, {'ts': '1714262357774', 'price': '63401.7', 'size': '0.060', 'side': 'sell', 'tradeId': '1168266492261937158'}, {'ts': '1714262357774', 'price': '63401.7', 'size': '0.021', 'side': 'sell', 'tradeId': '1168266492261937156'}, {'ts': '1714262357774', 'price': '63401.7', 'size': '0.011', 'side': 'sell', 'tradeId': '1168266492261937153'}, {'ts': '1714262356419', 'price': '63401.0', 'size': '14.409', 'side': 'sell', 'tradeId': '1168266486578655233'}, {'ts': '1714262354883', 'price': '63401.7', 'size': '0.003', 'side': 'sell', 'tradeId': '1168266480136204289'}, {'ts': '1714262353122', 'price': '63398.4', 'size': '0.004', 'side': 'buy', 'tradeId': '1168266472750034945'}, {'ts': '1714262352401', 'price': '63398.3', 'size': '0.010', 'side': 'sell', 'tradeId': '1168266469725941761'}, {'ts': '1714262349567', 'price': '63398.4', 'size': '0.152', 'side': 'buy', 'tradeId': '1168266457839284228'}, {'ts': '1714262349567', 'price': '63398.4', 'size': '0.007', 'side': 'buy', 'tradeId': '1168266457839284225'}, {'ts': '1714262345926', 'price': '63398.2', 'size': '0.100', 'side': 'sell', 'tradeId': '1168266442567823361'}, {'ts': '1714262345822', 'price': '63401.0', 'size': '10.653', 'side': 'sell', 'tradeId': '1168266442131615745'}, {'ts': '1714262344912', 'price': '63401.8', 'size': '0.005', 'side': 'buy', 'tradeId': '1168266438314799105'}, {'ts': '1714262344048', 'price': '63401.7', 'size': '0.025', 'side': 'buy', 'tradeId': '1168266434690920492'}, {'ts': '1714262341963', 'price': '63397.8', 'size': '0.003', 'side': 'sell', 'tradeId': '1168266425945796609'}, {'ts': '1714262340799', 'price': '63400.6', 'size': '0.166', 'side': 'buy', 'tradeId': '1168266421063626772'}, {'ts': '1714262340799', 'price': '63400.0', 'size': '0.050', 'side': 'buy', 'tradeId': '1168266421063626768'}, {'ts': '1714262339186', 'price': '63392.0', 'size': '0.016', 'side': 'sell', 'tradeId': '1168266414298214423'}, {'ts': '1714262339186', 'price': '63392.1', 'size': '0.033', 'side': 'sell', 'tradeId': '1168266414298214421'}, {'ts': '1714262339186', 'price': '63392.2', 'size': '0.001', 'side': 'sell', 'tradeId': '1168266414298214419'}, {'ts': '1714262336393', 'price': '63397.2', 'size': '0.096', 'side': 'buy', 'tradeId': '1168266402583523332'}, {'ts': '1714262336393', 'price': '63397.2', 'size': '0.150', 'side': 'buy', 'tradeId': '1168266402583523329'}, {'ts': '1714262335078', 'price': '63397.2', 'size': '0.015', 'side': 'buy', 'tradeId': '1168266397068013569'}, {'ts': '1714262334039', 'price': '63397.2', 'size': '0.001', 'side': 'buy', 'tradeId': '1168266392710131713'}, {'ts': '1714262333740', 'price': '63395.0', 'size': '16.761', 'side': 'buy', 'tradeId': '1168266391456034817'}, {'ts': '1714262331836', 'price': '63392.1', 'size': '0.009', 'side': 'sell', 'tradeId': '1168266383470080001'}, {'ts': '1714262329945', 'price': '63392.1', 'size': '0.016', 'side': 'sell', 'tradeId': '1168266375538651136'}, {'ts': '1714262329039', 'price': '63391.9', 'size': '0.201', 'side': 'sell', 'tradeId': '1168266371738611717'}, {'ts': '1714262329039', 'price': '63392.1', 'size': '0.049', 'side': 'sell', 'tradeId': '1168266371738611715'}, {'ts': '1714262329039', 'price': '63392.2', 'size': '0.001', 'side': 'sell', 'tradeId': '1168266371738611713'}, {'ts': '1714262327572', 'price': '63397.1', 'size': '0.038', 'side': 'buy', 'tradeId': '1168266365585567745'}, {'ts': '1714262326549', 'price': '63392.1', 'size': '0.074', 'side': 'sell', 'tradeId': '1168266361294794753'}, {'ts': '1714262325353', 'price': '63392.0', 'size': '0.010', 'side': 'sell', 'tradeId': '1168266356278407169'}, {'ts': '1714262322619', 'price': '63393.5', 'size': '11.910', 'side': 'buy', 'tradeId': '1168266344811180033'}, {'ts': '1714262322421', 'price': '63391.9', 'size': '0.001', 'side': 'sell', 'tradeId': '1168266343980707841'}, {'ts': '1714262320284', 'price': '63391.9', 'size': '0.057', 'side': 'sell', 'tradeId': '1168266335017480244'}, {'ts': '1714262320284', 'price': '63391.9', 'size': '1.501', 'side': 'sell', 'tradeId': '1168266335017480242'}, {'ts': '1714262320284', 'price': '63395.3', 'size': '0.055', 'side': 'sell', 'tradeId': '1168266335017480239'}, {'ts': '1714262318514', 'price': '63391.9', 'size': '0.100', 'side': 'sell', 'tradeId': '1168266327593562113'}, {'ts': '1714262317543', 'price': '63397.3', 'size': '0.322', 'side': 'buy', 'tradeId': '1168266323520892935'}, {'ts': '1714262317543', 'price': '63397.1', 'size': '0.031', 'side': 'buy', 'tradeId': '1168266323520892932'}, {'ts': '1714262317543', 'price': '63397.1', 'size': '0.061', 'side': 'buy', 'tradeId': '1168266323520892929'}, {'ts': '1714262316961', 'price': '63392.0', 'size': '0.028', 'side': 'sell', 'tradeId': '1168266321079808003'}, {'ts': '1714262316240', 'price': '63397.0', 'size': '0.002', 'side': 'buy', 'tradeId': '1168266318055714821'}, {'ts': '1714262316240', 'price': '63395.6', 'size': '0.036', 'side': 'buy', 'tradeId': '1168266318055714817'}, {'ts': '1714262312208', 'price': '63391.9', 'size': '0.032', 'side': 'sell', 'tradeId': '1168266301144281092'}, {'ts': '1714262312208', 'price': '63392.0', 'size': '0.001', 'side': 'sell', 'tradeId': '1168266301144281089'}, {'ts': '1714262310503', 'price': '63395.6', 'size': '17.671', 'side': 'buy', 'tradeId': '1168266293992992769'}, {'ts': '1714262309257', 'price': '63395.4', 'size': '0.001', 'side': 'buy', 'tradeId': '1168266288766890017'}, {'ts': '1714262309126', 'price': '63395.4', 'size': '0.075', 'side': 'buy', 'tradeId': '1168266288217436161'}, {'ts': '1714262309093', 'price': '63391.8', 'size': '0.001', 'side': 'sell', 'tradeId': '1168266288079024131'}, {'ts': '1714262309093', 'price': '63391.9', 'size': '0.003', 'side': 'sell', 'tradeId': '1168266288079024129'}, {'ts': '1714262304450', 'price': '63395.4', 'size': '37.683', 'side': 'buy', 'tradeId': '1168266268604870658'}, {'ts': '1714262301471', 'price': '63390.2', 'size': '0.147', 'side': 'sell', 'tradeId': '1168266256110039043'}, {'ts': '1714262301471', 'price': '63390.2', 'size': '0.050', 'side': 'sell', 'tradeId': '1168266256110039041'}, {'ts': '1714262300797', 'price': '63390.2', 'size': '0.012', 'side': 'sell', 'tradeId': '1168266253283078145'}, {'ts': '1714262300720', 'price': '63390.2', 'size': '0.094', 'side': 'sell', 'tradeId': '1168266252960116739'}, {'ts': '1714262300720', 'price': '63392.4', 'size': '0.019', 'side': 'sell', 'tradeId': '1168266252960116737'}, {'ts': '1714262297884', 'price': '63395.4', 'size': '0.001', 'side': 'buy', 'tradeId': '1168266241065070629'}, {'ts': '1714262297599', 'price': '63394.3', 'size': '0.001', 'side': 'sell', 'tradeId': '1168266239869693953'}, {'ts': '1714262294592', 'price': '63392.4', 'size': '0.015', 'side': 'buy', 'tradeId': '1168266227257421829'}, {'ts': '1714262294592', 'price': '63392.3', 'size': '0.003', 'side': 'buy', 'tradeId': '1168266227257421826'}, {'ts': '1714262294044', 'price': '63392.2', 'size': '0.017', 'side': 'sell', 'tradeId': '1168266224958943235'}, {'ts': '1714262294044', 'price': '63392.2', 'size': '0.013', 'side': 'sell', 'tradeId': '1168266224958943233'}, {'ts': '1714262293954', 'price': '63392.2', 'size': '0.001', 'side': 'sell', 'tradeId': '1168266224581455873'}, {'ts': '1714262292842', 'price': '63392.4', 'size': '16.557', 'side': 'buy', 'tradeId': '1168266219917389825'}, {'ts': '1714262290713', 'price': '63392.3', 'size': '0.777', 'side': 'sell', 'tradeId': '1168266210987716609'}, {'ts': '1714262289979', 'price': '63392.3', 'size': '0.167', 'side': 'sell', 'tradeId': '1168266207909097475'}, {'ts': '1714262289979', 'price': '63393.4', 'size': '0.001', 'side': 'sell', 'tradeId': '1168266207909097473'}, {'ts': '1714262289924', 'price': '63393.5', 'size': '0.024', 'side': 'buy', 'tradeId': '1168266207678410754'}, {'ts': '1714262286754', 'price': '63394.8', 'size': '0.003', 'side': 'sell', 'tradeId': '1168266194382467075'}, {'ts': '1714262286754', 'price': '63395.5', 'size': '0.007', 'side': 'sell', 'tradeId': '1168266194382467073'}, {'ts': '1714262282817', 'price': '63396.9', 'size': '0.024', 'side': 'buy', 'tradeId': '1168266177869492228'}, {'ts': '1714262282817', 'price': '63395.6', 'size': '0.135', 'side': 'buy', 'tradeId': '1168266177869492225'}, {'ts': '1714262282773', 'price': '63395.0', 'size': '34.271', 'side': 'buy', 'tradeId': '1168266177684942849'}, {'ts': '1714262280894', 'price': '63394.8', 'size': '0.164', 'side': 'sell', 'tradeId': '1168266169803845633'}, {'ts': '1714262280082', 'price': '63394.9', 'size': '0.060', 'side': 'buy', 'tradeId': '1168266166398070785'}, {'ts': '1714262278338', 'price': '63394.8', 'size': '0.963', 'side': 'sell', 'tradeId': '1168266159083204613'}, {'ts': '1714262278338', 'price': '63394.8', 'size': '0.006', 'side': 'sell', 'tradeId': '1168266159083204611'}, {'ts': '1714262278338', 'price': '63395.5', 'size': '0.050', 'side': 'sell', 'tradeId': '1168266159083204609'}, {'ts': '1714262276329', 'price': '63395.6', 'size': '0.003', 'side': 'buy', 'tradeId': '1168266150656847874'}, {'ts': '1714262276319', 'price': '63394.8', 'size': '0.047', 'side': 'sell', 'tradeId': '1168266150614904838'}, {'ts': '1714262276319', 'price': '63395.5', 'size': '0.043', 'side': 'sell', 'tradeId': '1168266150614904836'}, {'ts': '1714262276319', 'price': '63395.5', 'size': '0.057', 'side': 'sell', 'tradeId': '1168266150614904834'}, {'ts': '1714262275514', 'price': '63395.5', 'size': '0.003', 'side': 'sell', 'tradeId': '1168266147238490113'}, {'ts': '1714262271192', 'price': '63395.5', 'size': '21.886', 'side': 'sell', 'tradeId': '1168266129110708225'}, {'ts': '1714262270780', 'price': '63395.5', 'size': '0.039', 'side': 'sell', 'tradeId': '1168266127382654977'}, {'ts': '1714262263448', 'price': '63394.9', 'size': '0.025', 'side': 'sell', 'tradeId': '1168266096630018049'}, {'ts': '1714262262932', 'price': '63395.0', 'size': '0.019', 'side': 'buy', 'tradeId': '1168266094465757185'}, {'ts': '1714262261070', 'price': '63395.6', 'size': '0.001', 'side': 'buy', 'tradeId': '1168266086655963137'}, {'ts': '1714262260589', 'price': '63395.5', 'size': '31.376', 'side': 'sell', 'tradeId': '1168266084638502914'}, {'ts': '1714262255724', 'price': '63400.6', 'size': '0.015', 'side': 'buy', 'tradeId': '1168266064233213954'}, {'ts': '1714262254731', 'price': '63401.4', 'size': '0.004', 'side': 'buy', 'tradeId': '1168266060068270084'}, {'ts': '1714262254731', 'price': '63401.3', 'size': '0.003', 'side': 'buy', 'tradeId': '1168266060068270081'}, {'ts': '1714262254668', 'price': '63401.2', 'size': '0.007', 'side': 'buy', 'tradeId': '1168266059804028929'}, {'ts': '1714262254450', 'price': '63401.1', 'size': '0.007', 'side': 'sell', 'tradeId': '1168266058889670657'}, {'ts': '1714262253772', 'price': '63401.2', 'size': '0.018', 'side': 'sell', 'tradeId': '1168266056045932545'}, {'ts': '1714262252639', 'price': '63402.8', 'size': '0.074', 'side': 'buy', 'tradeId': '1168266051293786113'}, {'ts': '1714262251956', 'price': '63404.3', 'size': '0.001', 'side': 'buy', 'tradeId': '1168266048429076481'}, {'ts': '1714262251769', 'price': '63404.2', 'size': '0.001', 'side': 'sell', 'tradeId': '1168266047644741633'}, {'ts': '1714262250497', 'price': '63404.4', 'size': '8.910', 'side': 'buy', 'tradeId': '1168266042309586945'}, {'ts': '1714262249467', 'price': '63404.3', 'size': '0.018', 'side': 'sell', 'tradeId': '1168266037989453826'}, {'ts': '1714262249089', 'price': '63415.9', 'size': '0.006', 'side': 'buy', 'tradeId': '1168266036404006913'}, {'ts': '1714262248460', 'price': '63420.6', 'size': '0.826', 'side': 'sell', 'tradeId': '1168266033765789771'}, {'ts': '1714262248460', 'price': '63420.6', 'size': '0.685', 'side': 'sell', 'tradeId': '1168266033765789769'}, {'ts': '1714262246956', 'price': '63420.8', 'size': '0.066', 'side': 'buy', 'tradeId': '1168266027457556481'}, {'ts': '1714262246942', 'price': '63415.5', 'size': '0.010', 'side': 'sell', 'tradeId': '1168266027398836228'}, {'ts': '1714262246942', 'price': '63415.6', 'size': '0.004', 'side': 'sell', 'tradeId': '1168266027398836225'}, {'ts': '1714262244653', 'price': '63421.1', 'size': '0.135', 'side': 'buy', 'tradeId': '1168266017798074369'}, {'ts': '1714262244446', 'price': '63421.1', 'size': '8.545', 'side': 'buy', 'tradeId': '1168266016929853528'}, {'ts': '1714262243642', 'price': '63421.1', 'size': '0.100', 'side': 'buy', 'tradeId': '1168266013557633025'}, {'ts': '1714262243095', 'price': '63416.9', 'size': '0.002', 'side': 'buy', 'tradeId': '1168266011263348737'}, {'ts': '1714262242986', 'price': '63409.0', 'size': '0.140', 'side': 'buy', 'tradeId': '1168266010806169607'}, {'ts': '1714262241776', 'price': '63408.5', 'size': '0.003', 'side': 'buy', 'tradeId': '1168266005731061762'}, {'ts': '1714262241450', 'price': '63408.5', 'size': '0.025', 'side': 'buy', 'tradeId': '1168266004363718657'}, {'ts': '1714262240781', 'price': '63408.5', 'size': '0.018', 'side': 'buy', 'tradeId': '1168266001557729281'}, {'ts': '1714262240670', 'price': '63408.4', 'size': '0.077', 'side': 'sell', 'tradeId': '1168266001092161537'}, {'ts': '1714262234489', 'price': '63409.9', 'size': '0.026', 'side': 'buy', 'tradeId': '1168265975167168513'}, {'ts': '1714262234368', 'price': '63409.9', 'size': '0.001', 'side': 'buy', 'tradeId': '1168265974659657729'}, {'ts': '1714262234365', 'price': '63409.9', 'size': '0.005', 'side': 'buy', 'tradeId': '1168265974647074817'}, {'ts': '1714262232966', 'price': '63409.9', 'size': '0.074', 'side': 'buy', 'tradeId': '1168265968779243555'}, {'ts': '1714262232966', 'price': '63406.9', 'size': '0.058', 'side': 'buy', 'tradeId': '1168265968779243545'}, {'ts': '1714262232966', 'price': '63406.9', 'size': '0.050', 'side': 'buy', 'tradeId': '1168265968779243542'}, {'ts': '1714262232352', 'price': '63409.5', 'size': '6.257', 'side': 'buy', 'tradeId': '1168265966203940865'}, {'ts': '1714262232091', 'price': '63408.1', 'size': '0.200', 'side': 'buy', 'tradeId': '1168265965109227521'}, {'ts': '1714262229811', 'price': '63406.8', 'size': '0.058', 'side': 'buy', 'tradeId': '1168265955546214401'}, {'ts': '1714262229439', 'price': '63406.8', 'size': '0.004', 'side': 'buy', 'tradeId': '1168265953985933313'}, {'ts': '1714262229258', 'price': '63406.8', 'size': '0.061', 'side': 'buy', 'tradeId': '1168265953226764319'}, {'ts': '1714262229039', 'price': '63406.8', 'size': '0.032', 'side': 'buy', 'tradeId': '1168265952308211713'}, {'ts': '1714262228724', 'price': '63406.8', 'size': '0.031', 'side': 'buy', 'tradeId': '1168265950987006040'}, {'ts': '1714262228473', 'price': '63406.8', 'size': '0.044', 'side': 'buy', 'tradeId': '1168265949934235649'}, {'ts': '1714262226818', 'price': '63406.7', 'size': '0.110', 'side': 'buy', 'tradeId': '1168265942992662586'}, {'ts': '1714262226818', 'price': '63406.7', 'size': '0.061', 'side': 'buy', 'tradeId': '1168265942992662583'}, {'ts': '1714262225133', 'price': '63406.8', 'size': '0.168', 'side': 'buy', 'tradeId': '1168265935925260288'}, {'ts': '1714262224344', 'price': '63406.8', 'size': '0.012', 'side': 'buy', 'tradeId': '1168265932615954433'}, {'ts': '1714262223618', 'price': '63390.7', 'size': '0.029', 'side': 'buy', 'tradeId': '1168265929570889734'}, {'ts': '1714262223618', 'price': '63390.0', 'size': '0.182', 'side': 'buy', 'tradeId': '1168265929570889732'}, {'ts': '1714262223031', 'price': '63390.0', 'size': '0.014', 'side': 'buy', 'tradeId': '1168265927108833281'}, {'ts': '1714262221261', 'price': '63390.0', 'size': '10.432', 'side': 'buy', 'tradeId': '1168265919684915248'}, {'ts': '1714262219521', 'price': '63389.6', 'size': '0.089', 'side': 'sell', 'tradeId': '1168265912386826241'}, {'ts': '1714262217424', 'price': '63389.6', 'size': '0.001', 'side': 'sell', 'tradeId': '1168265903591370756'}, {'ts': '1714262217424', 'price': '63389.6', 'size': '0.008', 'side': 'sell', 'tradeId': '1168265903591370753'}, {'ts': '1714262215835', 'price': '63389.7', 'size': '0.004', 'side': 'buy', 'tradeId': '1168265896926621697'}, {'ts': '1714262215265', 'price': '63389.7', 'size': '0.009', 'side': 'buy', 'tradeId': '1168265894535868417'}, {'ts': '1714262214283', 'price': '63389.6', 'size': '0.014', 'side': 'sell', 'tradeId': '1168265890417061889'}, {'ts': '1714262213901', 'price': '63395.0', 'size': '0.007', 'side': 'buy', 'tradeId': '1168265888814837760'}, {'ts': '1714262213540', 'price': '63389.6', 'size': '0.002', 'side': 'sell', 'tradeId': '1168265887300694021'}, {'ts': '1714262213540', 'price': '63389.7', 'size': '0.002', 'side': 'sell', 'tradeId': '1168265887300694018'}, {'ts': '1714262211905', 'price': '63394.8', 'size': '0.001', 'side': 'buy', 'tradeId': '1168265880443006978'}, {'ts': '1714262211421', 'price': '63394.8', 'size': '0.071', 'side': 'buy', 'tradeId': '1168265878412963841'}, {'ts': '1714262210659', 'price': '63394.7', 'size': '9.174', 'side': 'sell', 'tradeId': '1168265875216904194'}, {'ts': '1714262208755', 'price': '63391.1', 'size': '0.006', 'side': 'buy', 'tradeId': '1168265867230949378'}, {'ts': '1714262207491', 'price': '63394.9', 'size': '0.001', 'side': 'buy', 'tradeId': '1168265861929349121'}, {'ts': '1714262207280', 'price': '63389.6', 'size': '0.077', 'side': 'sell', 'tradeId': '1168265861044350982'}, {'ts': '1714262207280', 'price': '63389.6', 'size': '0.081', 'side': 'sell', 'tradeId': '1168265861044350980'}, {'ts': '1714262207280', 'price': '63389.7', 'size': '0.003', 'side': 'sell', 'tradeId': '1168265861044350977'}, {'ts': '1714262207125', 'price': '63395.0', 'size': '0.011', 'side': 'buy', 'tradeId': '1168265860394233857'}, {'ts': '1714262207009', 'price': '63394.9', 'size': '0.039', 'side': 'sell', 'tradeId': '1168265859907694593'}, {'ts': '1714262206706', 'price': '63395.0', 'size': '0.072', 'side': 'buy', 'tradeId': '1168265858636820481'}, {'ts': '1714262206123', 'price': '63395.1', 'size': '0.131', 'side': 'buy', 'tradeId': '1168265856191541249'}, {'ts': '1714262203396', 'price': '63395.0', 'size': '0.387', 'side': 'buy', 'tradeId': '1168265844753674241'}, {'ts': '1714262201916', 'price': '63395.2', 'size': '4.028', 'side': 'buy', 'tradeId': '1168265838546104327'}, {'ts': '1714262201916', 'price': '63395.2', 'size': '0.123', 'side': 'buy', 'tradeId': '1168265838546104325'}, {'ts': '1714262201916', 'price': '63395.1', 'size': '1.036', 'side': 'buy', 'tradeId': '1168265838546104323'}, {'ts': '1714262201916', 'price': '63395.1', 'size': '2.000', 'side': 'buy', 'tradeId': '1168265838546104321'}, {'ts': '1714262201871', 'price': '63389.6', 'size': '0.001', 'side': 'sell', 'tradeId': '1168265838357360643'}, {'ts': '1714262201871', 'price': '63389.7', 'size': '0.003', 'side': 'sell', 'tradeId': '1168265838357360641'}, {'ts': '1714262201566', 'price': '63395.1', 'size': '0.026', 'side': 'buy', 'tradeId': '1168265837078097921'}, {'ts': '1714262200581', 'price': '63390.0', 'size': '6.734', 'side': 'buy', 'tradeId': '1168265832946708481'}, {'ts': '1714262200368', 'price': '63395.0', 'size': '0.003', 'side': 'buy', 'tradeId': '1168265832053321729'}, {'ts': '1714262200239', 'price': '63394.9', 'size': '0.037', 'side': 'buy', 'tradeId': '1168265831512256512'}, {'ts': '1714262198839', 'price': '63389.7', 'size': '0.032', 'side': 'buy', 'tradeId': '1168265825640230912'}, {'ts': '1714262198833', 'price': '63389.7', 'size': '0.046', 'side': 'buy', 'tradeId': '1168265825615065089'}, {'ts': '1714262197164', 'price': '63389.6', 'size': '0.098', 'side': 'sell', 'tradeId': '1168265818614771713'}, {'ts': '1714262196618', 'price': '63389.7', 'size': '0.001', 'side': 'buy', 'tradeId': '1168265816324681729'}, {'ts': '1714262196437', 'price': '63389.7', 'size': '0.011', 'side': 'buy', 'tradeId': '1168265815565512706'}, {'ts': '1714262196265', 'price': '63389.6', 'size': '0.086', 'side': 'sell', 'tradeId': '1168265814844092417'}, {'ts': '1714262195856', 'price': '63391.7', 'size': '0.398', 'side': 'sell', 'tradeId': '1168265813128622131'}, {'ts': '1714262195856', 'price': '63391.7', 'size': '0.256', 'side': 'sell', 'tradeId': '1168265813128622129'}, {'ts': '1714262195691', 'price': '63391.8', 'size': '0.058', 'side': 'buy', 'tradeId': '1168265812436561921'}, {'ts': '1714262195554', 'price': '63384.4', 'size': '0.089', 'side': 'buy', 'tradeId': '1168265811861942274'}, {'ts': '1714262195281', 'price': '63384.3', 'size': '0.095', 'side': 'buy', 'tradeId': '1168265810716897281'}, {'ts': '1714262194591', 'price': '63384.2', 'size': '0.112', 'side': 'buy', 'tradeId': '1168265807822827521'}, {'ts': '1714262194218', 'price': '63384.3', 'size': '0.279', 'side': 'buy', 'tradeId': '1168265806258352131'}, {'ts': '1714262194218', 'price': '63384.2', 'size': '0.600', 'side': 'buy', 'tradeId': '1168265806258352129'}, {'ts': '1714262193995', 'price': '63384.1', 'size': '0.005', 'side': 'sell', 'tradeId': '1168265805323022339'}, {'ts': '1714262193936', 'price': '63384.1', 'size': '0.005', 'side': 'sell', 'tradeId': '1168265805075558401'}, {'ts': '1714262193761', 'price': '63384.2', 'size': '0.027', 'side': 'buy', 'tradeId': '1168265804341555200'}, {'ts': '1714262192359', 'price': '63378.9', 'size': '0.074', 'side': 'sell', 'tradeId': '1168265798461140996'}, {'ts': '1714262192253', 'price': '63384.1', 'size': '0.005', 'side': 'sell', 'tradeId': '1168265798016544769'}, {'ts': '1714262192129', 'price': '63378.9', 'size': '0.057', 'side': 'sell', 'tradeId': '1168265797496451073'}, {'ts': '1714262192080', 'price': '63378.8', 'size': '0.060', 'side': 'sell', 'tradeId': '1168265797290930177'}, {'ts': '1714262191248', 'price': '63374.7', 'size': '0.009', 'side': 'sell', 'tradeId': '1168265793801269249'}, {'ts': '1714262190499', 'price': '63375.0', 'size': '35.070', 'side': 'sell', 'tradeId': '1168265790659735553'}, {'ts': '1714262190144', 'price': '63374.7', 'size': '0.001', 'side': 'sell', 'tradeId': '1168265789170757633'}, {'ts': '1714262189841', 'price': '63375.6', 'size': '0.008', 'side': 'buy', 'tradeId': '1168265787899883524'}, {'ts': '1714262189841', 'price': '63375.6', 'size': '0.042', 'side': 'buy', 'tradeId': '1168265787899883522'}, {'ts': '1714262189841', 'price': '63375.6', 'size': '0.019', 'side': 'buy', 'tradeId': '1168265787899883520'}, {'ts': '1714262189840', 'price': '63375.6', 'size': '0.051', 'side': 'buy', 'tradeId': '1168265787895689217'}, {'ts': '1714262189751', 'price': '63374.7', 'size': '0.017', 'side': 'sell', 'tradeId': '1168265787522396163'}, {'ts': '1714262189751', 'price': '63375.1', 'size': '0.002', 'side': 'sell', 'tradeId': '1168265787522396161'}, {'ts': '1714262189725', 'price': '63375.1', 'size': '0.041', 'side': 'sell', 'tradeId': '1168265787413344300'}, {'ts': '1714262189725', 'price': '63375.5', 'size': '0.096', 'side': 'sell', 'tradeId': '1168265787413344298'}, {'ts': '1714262189659', 'price': '63375.5', 'size': '0.082', 'side': 'sell', 'tradeId': '1168265787136520193'}, {'ts': '1714262189345', 'price': '63378.8', 'size': '0.596', 'side': 'sell', 'tradeId': '1168265785819508737'}, {'ts': '1714262189202', 'price': '63378.8', 'size': '0.212', 'side': 'sell', 'tradeId': '1168265785219723265'}, {'ts': '1714262187581', 'price': '63378.8', 'size': '0.032', 'side': 'sell', 'tradeId': '1168265778420756481'}, {'ts': '1714262187447', 'price': '63378.9', 'size': '0.008', 'side': 'buy', 'tradeId': '1168265777858719745'}, {'ts': '1714262187167', 'price': '63378.4', 'size': '0.038', 'side': 'sell', 'tradeId': '1168265776684314629'}, {'ts': '1714262187167', 'price': '63378.4', 'size': '0.007', 'side': 'sell', 'tradeId': '1168265776684314625'}, {'ts': '1714262187099', 'price': '63378.9', 'size': '0.016', 'side': 'buy', 'tradeId': '1168265776399101954'}, {'ts': '1714262186536', 'price': '63384.9', 'size': '0.011', 'side': 'sell', 'tradeId': '1168265774037708802'}, {'ts': '1714262186530', 'price': '63384.9', 'size': '0.020', 'side': 'sell', 'tradeId': '1168265774012542981'}, {'ts': '1714262186530', 'price': '63384.9', 'size': '0.007', 'side': 'sell', 'tradeId': '1168265774012542977'}, {'ts': '1714262186519', 'price': '63384.9', 'size': '0.252', 'side': 'sell', 'tradeId': '1168265773966405633'}, {'ts': '1714262186442', 'price': '63385.0', 'size': '0.002', 'side': 'sell', 'tradeId': '1168265773643444228'}, {'ts': '1714262186442', 'price': '63386.1', 'size': '0.009', 'side': 'sell', 'tradeId': '1168265773643444225'}, {'ts': '1714262186038', 'price': '63394.4', 'size': '0.061', 'side': 'sell', 'tradeId': '1168265771948945412'}, {'ts': '1714262185678', 'price': '63394.5', 'size': '0.024', 'side': 'sell', 'tradeId': '1168265770438995971'}, {'ts': '1714262185678', 'price': '63395.0', 'size': '0.001', 'side': 'sell', 'tradeId': '1168265770438995969'}, {'ts': '1714262185454', 'price': '63395.1', 'size': '44.570', 'side': 'buy', 'tradeId': '1168265769499471873'}, {'ts': '1714262185227', 'price': '63395.8', 'size': '0.016', 'side': 'buy', 'tradeId': '1168265768547364866'}, {'ts': '1714262184153', 'price': '63395.7', 'size': '0.007', 'side': 'sell', 'tradeId': '1168265764042682369'}, {'ts': '1714262183425', 'price': '63398.0', 'size': '0.192', 'side': 'buy', 'tradeId': '1168265760989229059'}, {'ts': '1714262183425', 'price': '63397.6', 'size': '0.030', 'side': 'buy', 'tradeId': '1168265760989229057'}, {'ts': '1714262183424', 'price': '63397.5', 'size': '0.003', 'side': 'buy', 'tradeId': '1168265760985034753'}, {'ts': '1714262183082', 'price': '63397.4', 'size': '0.125', 'side': 'sell', 'tradeId': '1168265759550582785'}, {'ts': '1714262183004', 'price': '63397.4', 'size': '0.183', 'side': 'sell', 'tradeId': '1168265759223427086'}, {'ts': '1714262182531', 'price': '63397.5', 'size': '0.063', 'side': 'sell', 'tradeId': '1168265757239521282'}, {'ts': '1714262182429', 'price': '63397.5', 'size': '0.055', 'side': 'sell', 'tradeId': '1168265756811702273'}, {'ts': '1714262181418', 'price': '63397.8', 'size': '0.001', 'side': 'sell', 'tradeId': '1168265752571260929'}, {'ts': '1714262181286', 'price': '63403.1', 'size': '0.093', 'side': 'buy', 'tradeId': '1168265752017612801'}, {'ts': '1714262181245', 'price': '63403.1', 'size': '0.009', 'side': 'buy', 'tradeId': '1168265751845646337'}, {'ts': '1714262179975', 'price': '63403.0', 'size': '0.019', 'side': 'sell', 'tradeId': '1168265746518880257'}, {'ts': '1714262179889', 'price': '63403.1', 'size': '0.002', 'side': 'buy', 'tradeId': '1168265746158170113'}, {'ts': '1714262179575', 'price': '63397.5', 'size': '0.007', 'side': 'sell', 'tradeId': '1168265744841158659'}, {'ts': '1714262179382', 'price': '63400.3', 'size': '0.001', 'side': 'sell', 'tradeId': '1168265744031658024'}, {'ts': '1714262179380', 'price': '63400.3', 'size': '0.001', 'side': 'sell', 'tradeId': '1168265744023269382'}, {'ts': '1714262179380', 'price': '63400.3', 'size': '0.001', 'side': 'sell', 'tradeId': '1168265744023269377'}, {'ts': '1714262179379', 'price': '63400.3', 'size': '0.001', 'side': 'sell', 'tradeId': '1168265744019075073'}, {'ts': '1714262179378', 'price': '63400.3', 'size': '0.001', 'side': 'sell', 'tradeId': '1168265744014880778'}, {'ts': '1714262179378', 'price': '63400.3', 'size': '0.003', 'side': 'sell', 'tradeId': '1168265744014880774'}, {'ts': '1714262179378', 'price': '63400.3', 'size': '0.001', 'side': 'sell', 'tradeId': '1168265744014880770'}, {'ts': '1714262179377', 'price': '63400.3', 'size': '0.001', 'side': 'sell', 'tradeId': '1168265744010686474'}, {'ts': '1714262179377', 'price': '63400.3', 'size': '0.001', 'side': 'sell', 'tradeId': '1168265744010686470'}, {'ts': '1714262179377', 'price': '63400.3', 'size': '0.015', 'side': 'sell', 'tradeId': '1168265744010686465'}, {'ts': '1714262179376', 'price': '63400.3', 'size': '0.001', 'side': 'sell', 'tradeId': '1168265744006492165'}, {'ts': '1714262179376', 'price': '63400.3', 'size': '0.001', 'side': 'sell', 'tradeId': '1168265744006492161'}, {'ts': '1714262179375', 'price': '63400.3', 'size': '0.001', 'side': 'sell', 'tradeId': '1168265744002297873'}, {'ts': '1714262179375', 'price': '63400.3', 'size': '0.001', 'side': 'sell', 'tradeId': '1168265744002297869'}, {'ts': '1714262179375', 'price': '63400.3', 'size': '0.001', 'side': 'sell', 'tradeId': '1168265744002297864'}, {'ts': '1714262179375', 'price': '63400.3', 'size': '0.001', 'side': 'sell', 'tradeId': '1168265744002297861'}, {'ts': '1714262179375', 'price': '63400.3', 'size': '0.001', 'side': 'sell', 'tradeId': '1168265744002297857'}, {'ts': '1714262179374', 'price': '63400.3', 'size': '0.001', 'side': 'sell', 'tradeId': '1168265743998103553'}, {'ts': '1714262179373', 'price': '63400.3', 'size': '0.001', 'side': 'sell', 'tradeId': '1168265743993909250'}, {'ts': '1714262179298', 'price': '63403.2', 'size': '0.018', 'side': 'buy', 'tradeId': '1168265743679336449'}, {'ts': '1714262179293', 'price': '63400.3', 'size': '0.007', 'side': 'sell', 'tradeId': '1168265743658364933'}, {'ts': '1714262179293', 'price': '63400.3', 'size': '0.002', 'side': 'sell', 'tradeId': '1168265743658364929'}, {'ts': '1714262179284', 'price': '63397.5', 'size': '2.376', 'side': 'sell', 'tradeId': '1168265743620616196'}, {'ts': '1714262179275', 'price': '63403.1', 'size': '0.001', 'side': 'buy', 'tradeId': '1168265743582867457'}, {'ts': '1714262179274', 'price': '63403.1', 'size': '0.014', 'side': 'buy', 'tradeId': '1168265743578673155'}, {'ts': '1714262179274', 'price': '63400.4', 'size': '0.009', 'side': 'buy', 'tradeId': '1168265743578673153'}, {'ts': '1714262179223', 'price': '63397.6', 'size': '0.525', 'side': 'sell', 'tradeId': '1168265743364763663'}, {'ts': '1714262179223', 'price': '63398.6', 'size': '0.123', 'side': 'sell', 'tradeId': '1168265743364763661'}, {'ts': '1714262179223', 'price': '63399.1', 'size': '0.006', 'side': 'sell', 'tradeId': '1168265743364763658'}, {'ts': '1714262179223', 'price': '63400.0', 'size': '0.005', 'side': 'sell', 'tradeId': '1168265743364763656'}, {'ts': '1714262179223', 'price': '63400.0', 'size': '0.050', 'side': 'sell', 'tradeId': '1168265743364763653'}, {'ts': '1714262179223', 'price': '63400.2', 'size': '0.002', 'side': 'sell', 'tradeId': '1168265743364763651'}, {'ts': '1714262179223', 'price': '63400.3', 'size': '0.053', 'side': 'sell', 'tradeId': '1168265743364763649'}, {'ts': '1714262179143', 'price': '63400.3', 'size': '0.015', 'side': 'sell', 'tradeId': '1168265743029219329'}, {'ts': '1714262178081', 'price': '63405.4', 'size': '0.001', 'side': 'sell', 'tradeId': '1168265738574868481'}, {'ts': '1714262177889', 'price': '63405.4', 'size': '0.010', 'side': 'sell', 'tradeId': '1168265737769562115'}, {'ts': '1714262177623', 'price': '63405.4', 'size': '0.010', 'side': 'sell', 'tradeId': '1168265736653877251'}, {'ts': '1714262177609', 'price': '63405.4', 'size': '0.011', 'side': 'sell', 'tradeId': '1168265736595156993'}, {'ts': '1714262177543', 'price': '63405.4', 'size': '0.003', 'side': 'sell', 'tradeId': '1168265736318332931'}, {'ts': '1714262177543', 'price': '63406.5', 'size': '0.008', 'side': 'sell', 'tradeId': '1168265736318332929'}, {'ts': '1714262176900', 'price': '63408.3', 'size': '0.015', 'side': 'sell', 'tradeId': '1168265733621395457'}, {'ts': '1714262176898', 'price': '63408.3', 'size': '0.001', 'side': 'sell', 'tradeId': '1168265733613006849'}, {'ts': '1714262176896', 'price': '63408.3', 'size': '0.001', 'side': 'sell', 'tradeId': '1168265733604618246'}, {'ts': '1714262176896', 'price': '63408.3', 'size': '0.002', 'side': 'sell', 'tradeId': '1168265733604618242'}, {'ts': '1714262176895', 'price': '63408.3', 'size': '0.001', 'side': 'sell', 'tradeId': '1168265733600423938'}, {'ts': '1714262176894', 'price': '63408.3', 'size': '0.001', 'side': 'sell', 'tradeId': '1168265733596229641'}, {'ts': '1714262176894', 'price': '63408.3', 'size': '0.007', 'side': 'sell', 'tradeId': '1168265733596229637'}, {'ts': '1714262176894', 'price': '63408.3', 'size': '0.001', 'side': 'sell', 'tradeId': '1168265733596229633'}, {'ts': '1714262176893', 'price': '63408.3', 'size': '0.003', 'side': 'sell', 'tradeId': '1168265733592035337'}, {'ts': '1714262176893', 'price': '63408.3', 'size': '0.001', 'side': 'sell', 'tradeId': '1168265733592035333'}, {'ts': '1714262176893', 'price': '63408.3', 'size': '0.001', 'side': 'sell', 'tradeId': '1168265733592035329'}, {'ts': '1714262176892', 'price': '63408.3', 'size': '0.001', 'side': 'sell', 'tradeId': '1168265733587841029'}, {'ts': '1714262176892', 'price': '63408.3', 'size': '0.002', 'side': 'sell', 'tradeId': '1168265733587841025'}, {'ts': '1714262176891', 'price': '63408.3', 'size': '0.001', 'side': 'sell', 'tradeId': '1168265733583646726'}, {'ts': '1714262176891', 'price': '63408.3', 'size': '0.001', 'side': 'sell', 'tradeId': '1168265733583646722'}, {'ts': '1714262176890', 'price': '63408.3', 'size': '0.001', 'side': 'sell', 'tradeId': '1168265733579452417'}, {'ts': '1714262176889', 'price': '63408.3', 'size': '0.001', 'side': 'sell', 'tradeId': '1168265733575258113'}, {'ts': '1714262176887', 'price': '63408.3', 'size': '0.002', 'side': 'sell', 'tradeId': '1168265733566869505'}, {'ts': '1714262176654', 'price': '63409.5', 'size': '0.030', 'side': 'sell', 'tradeId': '1168265732589596673'}, {'ts': '1714262176564', 'price': '63409.5', 'size': '0.607', 'side': 'sell', 'tradeId': '1168265732212109313'}, {'ts': '1714262176488', 'price': '63413.5', 'size': '0.007', 'side': 'buy', 'tradeId': '1168265731893342209'}, {'ts': '1714262174354', 'price': '63425.2', 'size': '0.077', 'side': 'sell', 'tradeId': '1168265722942697475'}, {'ts': '1714262174354', 'price': '63430.0', 'size': '0.091', 'side': 'sell', 'tradeId': '1168265722942697473'}, {'ts': '1714262174348', 'price': '63430.5', 'size': '37.968', 'side': 'buy', 'tradeId': '1168265722917531649'}, {'ts': '1714262174334', 'price': '63430.0', 'size': '0.009', 'side': 'sell', 'tradeId': '1168265722858811399'}, {'ts': '1714262174334', 'price': '63430.0', 'size': '0.001', 'side': 'sell', 'tradeId': '1168265722858811397'}, {'ts': '1714262174334', 'price': '63430.0', 'size': '0.008', 'side': 'sell', 'tradeId': '1168265722858811394'}, {'ts': '1714262174329', 'price': '63431.0', 'size': '0.001', 'side': 'buy', 'tradeId': '1168265722837839873'}, {'ts': '1714262174264', 'price': '63432.8', 'size': '0.007', 'side': 'sell', 'tradeId': '1168265722565210197'}, {'ts': '1714262173767', 'price': '63442.0', 'size': '0.614', 'side': 'sell', 'tradeId': '1168265720480641025'}, {'ts': '1714262173159', 'price': '63449.1', 'size': '0.140', 'side': 'sell', 'tradeId': '1168265717930504195'}, {'ts': '1714262173159', 'price': '63450.0', 'size': '0.007', 'side': 'sell', 'tradeId': '1168265717930504192'}, {'ts': '1714262170913', 'price': '63451.6', 'size': '0.084', 'side': 'sell', 'tradeId': '1168265708510097409'}, {'ts': '1714262169667', 'price': '63453.2', 'size': '0.029', 'side': 'sell', 'tradeId': '1168265703283994625'}, {'ts': '1714262169369', 'price': '63453.4', 'size': '0.001', 'side': 'buy', 'tradeId': '1168265702034092033'}, {'ts': '1714262168050', 'price': '63462.3', 'size': '0.061', 'side': 'sell', 'tradeId': '1168265696501805125'}, {'ts': '1714262166579', 'price': '63463.4', 'size': '0.302', 'side': 'sell', 'tradeId': '1168265690331983873'}, {'ts': '1714262166395', 'price': '63463.7', 'size': '0.001', 'side': 'buy', 'tradeId': '1168265689560231936'}, {'ts': '1714262163757', 'price': '63468.6', 'size': '39.843', 'side': 'sell', 'tradeId': '1168265678495657985'}, {'ts': '1714262162190', 'price': '63468.6', 'size': '0.100', 'side': 'sell', 'tradeId': '1168265671923183617'}, {'ts': '1714262161472', 'price': '63468.6', 'size': '0.017', 'side': 'sell', 'tradeId': '1168265668911673345'}, {'ts': '1714262159814', 'price': '63468.7', 'size': '0.005', 'side': 'buy', 'tradeId': '1168265661957517315'}, {'ts': '1714262158214', 'price': '63468.6', 'size': '0.001', 'side': 'sell', 'tradeId': '1168265655246630913'}, {'ts': '1714262158085', 'price': '63468.6', 'size': '0.300', 'side': 'sell', 'tradeId': '1168265654705565697'}, {'ts': '1714262154795', 'price': '63468.6', 'size': '0.031', 'side': 'sell', 'tradeId': '1168265640906305537'}, {'ts': '1714262154684', 'price': '63468.6', 'size': '0.046', 'side': 'sell', 'tradeId': '1168265640440737795'}, {'ts': '1714262153312', 'price': '63468.6', 'size': '0.715', 'side': 'sell', 'tradeId': '1168265634686152705'}, {'ts': '1714262152894', 'price': '63468.6', 'size': '0.200', 'side': 'sell', 'tradeId': '1168265632932933633'}, {'ts': '1714262152526', 'price': '63468.6', 'size': '0.010', 'side': 'sell', 'tradeId': '1168265631389429761'}, {'ts': '1714262152163', 'price': '63469.0', 'size': '24.001', 'side': 'buy', 'tradeId': '1168265629866897409'}, {'ts': '1714262152030', 'price': '63471.5', 'size': '0.008', 'side': 'buy', 'tradeId': '1168265629309054979'}, {'ts': '1714262152030', 'price': '63471.4', 'size': '0.003', 'side': 'buy', 'tradeId': '1168265629309054976'}, {'ts': '1714262147357', 'price': '63468.9', 'size': '0.595', 'side': 'sell', 'tradeId': '1168265609709072385'}, {'ts': '1714262146398', 'price': '63468.9', 'size': '0.024', 'side': 'sell', 'tradeId': '1168265605686734849'}, {'ts': '1714262145507', 'price': '63468.9', 'size': '0.255', 'side': 'sell', 'tradeId': '1168265601949609985'}, {'ts': '1714262145242', 'price': '63468.9', 'size': '0.184', 'side': 'sell', 'tradeId': '1168265600838119424'}, {'ts': '1714262145123', 'price': '63468.9', 'size': '0.118', 'side': 'sell', 'tradeId': '1168265600338997249'}, {'ts': '1714262144574', 'price': '63468.9', 'size': '0.003', 'side': 'sell', 'tradeId': '1168265598036324355'}, {'ts': '1714262144574', 'price': '63470.0', 'size': '0.001', 'side': 'sell', 'tradeId': '1168265598036324353'}, {'ts': '1714262143916', 'price': '63475.0', 'size': '0.002', 'side': 'sell', 'tradeId': '1168265595276472321'}, {'ts': '1714262141395', 'price': '63475.1', 'size': '0.002', 'side': 'buy', 'tradeId': '1168265584702631937'}, {'ts': '1714262140578', 'price': '63475.0', 'size': '40.335', 'side': 'sell', 'tradeId': '1168265581275885569'}, {'ts': '1714262139995', 'price': '63478.2', 'size': '0.034', 'side': 'sell', 'tradeId': '1168265578830606337'}, {'ts': '1714262136476', 'price': '63478.2', 'size': '0.003', 'side': 'sell', 'tradeId': '1168265564070850560'}, {'ts': '1714262136378', 'price': '63478.2', 'size': '0.036', 'side': 'sell', 'tradeId': '1168265563659808769'}, {'ts': '1714262130702', 'price': '63478.3', 'size': '0.019', 'side': 'buy', 'tradeId': '1168265539852939265'}, {'ts': '1714262130480', 'price': '63478.3', 'size': '23.758', 'side': 'buy', 'tradeId': '1168265538921803777'}, {'ts': '1714262130012', 'price': '63478.3', 'size': '0.002', 'side': 'buy', 'tradeId': '1168265536958869507'}, {'ts': '1714262127939', 'price': '63478.3', 'size': '0.005', 'side': 'buy', 'tradeId': '1168265528264077316'}, {'ts': '1714262127939', 'price': '63478.3', 'size': '0.038', 'side': 'buy', 'tradeId': '1168265528264077313'}, {'ts': '1714262127057', 'price': '63478.4', 'size': '0.031', 'side': 'sell', 'tradeId': '1168265524564701187'}, {'ts': '1714262127057', 'price': '63478.4', 'size': '0.030', 'side': 'sell', 'tradeId': '1168265524564701185'}, {'ts': '1714262126979', 'price': '63478.2', 'size': '0.134', 'side': 'sell', 'tradeId': '1168265524237545473'}, {'ts': '1714262126245', 'price': '63478.5', 'size': '0.013', 'side': 'buy', 'tradeId': '1168265521158926337'}, {'ts': '1714262124425', 'price': '63478.5', 'size': '24.391', 'side': 'buy', 'tradeId': '1168265513525293057'}, {'ts': '1714262123058', 'price': '63478.4', 'size': '0.018', 'side': 'sell', 'tradeId': '1168265507791679489'}, {'ts': '1714262120371', 'price': '63478.4', 'size': '0.008', 'side': 'sell', 'tradeId': '1168265496521584642'}, {'ts': '1714262119989', 'price': '63478.4', 'size': '0.034', 'side': 'sell', 'tradeId': '1168265494919360513'}, {'ts': '1714262117964', 'price': '63478.5', 'size': '0.054', 'side': 'buy', 'tradeId': '1168265486425894913'}, {'ts': '1714262117250', 'price': '63478.4', 'size': '0.006', 'side': 'sell', 'tradeId': '1168265483431161876'}, {'ts': '1714262115547', 'price': '63478.4', 'size': '0.032', 'side': 'sell', 'tradeId': '1168265476288262195'}, {'ts': '1714262114328', 'price': '63478.4', 'size': '28.037', 'side': 'sell', 'tradeId': '1168265471175405569'}, {'ts': '1714262110503', 'price': '63478.5', 'size': '0.001', 'side': 'buy', 'tradeId': '1168265455132192777'}, {'ts': '1714262109896', 'price': '63482.9', 'size': '0.003', 'side': 'sell', 'tradeId': '1168265452586250241'}, {'ts': '1714262108277', 'price': '63483.2', 'size': '0.042', 'side': 'buy', 'tradeId': '1168265445795672066'}, {'ts': '1714262108277', 'price': '63482.9', 'size': '0.007', 'side': 'buy', 'tradeId': '1168265445795672064'}, {'ts': '1714262107120', 'price': '63478.3', 'size': '0.002', 'side': 'sell', 'tradeId': '1168265440942862339'}, {'ts': '1714262107120', 'price': '63478.4', 'size': '0.001', 'side': 'sell', 'tradeId': '1168265440942862337'}, {'ts': '1714262103745', 'price': '63481.5', 'size': '25.989', 'side': 'buy', 'tradeId': '1168265426787086337'}, {'ts': '1714262102370', 'price': '63478.4', 'size': '0.003', 'side': 'sell', 'tradeId': '1168265421019918337'}, {'ts': '1714262098987', 'price': '63478.2', 'size': '0.132', 'side': 'sell', 'tradeId': '1168265406830587908'}, {'ts': '1714262098987', 'price': '63478.5', 'size': '0.256', 'side': 'sell', 'tradeId': '1168265406830587906'}, {'ts': '1714262098378', 'price': '63482.2', 'size': '0.003', 'side': 'buy', 'tradeId': '1168265404276256769'}, {'ts': '1714262097951', 'price': '63478.5', 'size': '0.010', 'side': 'sell', 'tradeId': '1168265402485288961'}, {'ts': '1714262097865', 'price': '63478.5', 'size': '0.010', 'side': 'sell', 'tradeId': '1168265402124578817'}, {'ts': '1714262097662', 'price': '63482.2', 'size': '0.011', 'side': 'buy', 'tradeId': '1168265401273135113'}, {'ts': '1714262097644', 'price': '63478.6', 'size': '0.002', 'side': 'sell', 'tradeId': '1168265401197637633'}, {'ts': '1714262097588', 'price': '63478.5', 'size': '0.019', 'side': 'sell', 'tradeId': '1168265400962756610'}, {'ts': '1714262093943', 'price': '63479.6', 'size': '0.054', 'side': 'sell', 'tradeId': '1168265385674518529'}, {'ts': '1714262093723', 'price': '63479.6', 'size': '0.040', 'side': 'sell', 'tradeId': '1168265384751771652'}, {'ts': '1714262093723', 'price': '63479.7', 'size': '0.029', 'side': 'sell', 'tradeId': '1168265384751771649'}, {'ts': '1714262093174', 'price': '63481.0', 'size': '39.679', 'side': 'buy', 'tradeId': '1168265382449098753'}, {'ts': '1714262092933', 'price': '63479.7', 'size': '0.045', 'side': 'sell', 'tradeId': '1168265381438271489'}, {'ts': '1714262089837', 'price': '63479.7', 'size': '0.030', 'side': 'sell', 'tradeId': '1168265368452706305'}, {'ts': '1714262088348', 'price': '63482.2', 'size': '0.001', 'side': 'buy', 'tradeId': '1168265362207387651'}, {'ts': '1714262088348', 'price': '63482.2', 'size': '0.001', 'side': 'buy', 'tradeId': '1168265362207387649'}, {'ts': '1714262087121', 'price': '63482.2', 'size': '0.022', 'side': 'buy', 'tradeId': '1168265357060976643'}, {'ts': '1714262087121', 'price': '63479.8', 'size': '0.080', 'side': 'buy', 'tradeId': '1168265357060976641'}, {'ts': '1714262087026', 'price': '63479.8', 'size': '0.002', 'side': 'sell', 'tradeId': '1168265356662517761'}, {'ts': '1714262085979', 'price': '63482.2', 'size': '0.028', 'side': 'buy', 'tradeId': '1168265352271081478'}, {'ts': '1714262085979', 'price': '63481.2', 'size': '0.009', 'side': 'buy', 'tradeId': '1168265352271081476'}, {'ts': '1714262085979', 'price': '63479.8', 'size': '0.001', 'side': 'buy', 'tradeId': '1168265352271081473'}, {'ts': '1714262081591', 'price': '63479.7', 'size': '32.549', 'side': 'buy', 'tradeId': '1168265333866475521'}, {'ts': '1714262081566', 'price': '63479.6', 'size': '0.060', 'side': 'sell', 'tradeId': '1168265333761617921'}, {'ts': '1714262081321', 'price': '63479.7', 'size': '0.059', 'side': 'buy', 'tradeId': '1168265332734013441'}, {'ts': '1714262080352', 'price': '63482.2', 'size': '0.076', 'side': 'buy', 'tradeId': '1168265328669732887'}, {'ts': '1714262080352', 'price': '63479.7', 'size': '0.010', 'side': 'buy', 'tradeId': '1168265328669732877'}, {'ts': '1714262078801', 'price': '63482.2', 'size': '0.033', 'side': 'buy', 'tradeId': '1168265322164367361'}, {'ts': '1714262076705', 'price': '63482.1', 'size': '0.065', 'side': 'sell', 'tradeId': '1168265313373106177'}, {'ts': '1714262076606', 'price': '63482.1', 'size': '0.003', 'side': 'sell', 'tradeId': '1168265312957870081'}, {'ts': '1714262076593', 'price': '63482.2', 'size': '0.100', 'side': 'buy', 'tradeId': '1168265312903344129'}, {'ts': '1714262076342', 'price': '63482.2', 'size': '0.036', 'side': 'buy', 'tradeId': '1168265311850573825'}, {'ts': '1714262075432', 'price': '63482.2', 'size': '0.050', 'side': 'buy', 'tradeId': '1168265308033757185'}, {'ts': '1714262073159', 'price': '63482.2', 'size': '0.147', 'side': 'buy', 'tradeId': '1168265298500104193'}, {'ts': '1714262071813', 'price': '63478.5', 'size': '0.001', 'side': 'buy', 'tradeId': '1168265292854571009'}, {'ts': '1714262071560', 'price': '63481.1', 'size': '0.015', 'side': 'buy', 'tradeId': '1168265291793412097'}, {'ts': '1714262071054', 'price': '63478.5', 'size': '0.001', 'side': 'buy', 'tradeId': '1168265289671094273'}, {'ts': '1714262070926', 'price': '63478.4', 'size': '0.081', 'side': 'sell', 'tradeId': '1168265289134223361'}, {'ts': '1714262070504', 'price': '63479.0', 'size': '59.681', 'side': 'buy', 'tradeId': '1168265287364227073'}, {'ts': '1714262069516', 'price': '63481.1', 'size': '0.031', 'side': 'buy', 'tradeId': '1168265283220254723'}, {'ts': '1714262069516', 'price': '63478.5', 'size': '0.028', 'side': 'buy', 'tradeId': '1168265283220254721'}, {'ts': '1714262068862', 'price': '63476.4', 'size': '0.064', 'side': 'sell', 'tradeId': '1168265280477179907'}, {'ts': '1714262068862', 'price': '63476.5', 'size': '0.036', 'side': 'sell', 'tradeId': '1168265280477179905'}, {'ts': '1714262068243', 'price': '63478.5', 'size': '0.020', 'side': 'buy', 'tradeId': '1168265277880905730'}, {'ts': '1714262067960', 'price': '63476.5', 'size': '0.009', 'side': 'sell', 'tradeId': '1168265276693917697'}, {'ts': '1714262067590', 'price': '63484.3', 'size': '0.002', 'side': 'sell', 'tradeId': '1168265275142025218'}, {'ts': '1714262066954', 'price': '63489.7', 'size': '0.003', 'side': 'sell', 'tradeId': '1168265272474447873'}, {'ts': '1714262066545', 'price': '63489.6', 'size': '0.005', 'side': 'sell', 'tradeId': '1168265270758977537'}, {'ts': '1714262066352', 'price': '63489.6', 'size': '0.039', 'side': 'sell', 'tradeId': '1168265269949476865'}, {'ts': '1714262065960', 'price': '63489.6', 'size': '33.931', 'side': 'sell', 'tradeId': '1168265268305309697'}, {'ts': '1714262063922', 'price': '63489.6', 'size': '0.004', 'side': 'sell', 'tradeId': '1168265259757318145'}, {'ts': '1714262063846', 'price': '63489.6', 'size': '0.023', 'side': 'sell', 'tradeId': '1168265259438551041'}, {'ts': '1714262062188', 'price': '63489.7', 'size': '0.001', 'side': 'sell', 'tradeId': '1168265252484395009'}, {'ts': '1714262062000', 'price': '63489.8', 'size': '0.063', 'side': 'buy', 'tradeId': '1168265251695865857'}, {'ts': '1714262061748', 'price': '63489.6', 'size': '0.062', 'side': 'sell', 'tradeId': '1168265250638901249'}, {'ts': '1714262060863', 'price': '63484.3', 'size': '0.500', 'side': 'sell', 'tradeId': '1168265246926942209'}, {'ts': '1714262060475', 'price': '63489.7', 'size': '0.010', 'side': 'buy', 'tradeId': '1168265245299552257'}, {'ts': '1714262060011', 'price': '63484.3', 'size': '0.035', 'side': 'sell', 'tradeId': '1168265243353395206'}, {'ts': '1714262060011', 'price': '63484.4', 'size': '0.003', 'side': 'sell', 'tradeId': '1168265243353395203'}, {'ts': '1714262059084', 'price': '63489.7', 'size': '0.137', 'side': 'buy', 'tradeId': '1168265239465275393'}, {'ts': '1714262059019', 'price': '63485.2', 'size': '0.054', 'side': 'sell', 'tradeId': '1168265239192645640'}, {'ts': '1714262059019', 'price': '63486.8', 'size': '0.001', 'side': 'sell', 'tradeId': '1168265239192645638'}, {'ts': '1714262059019', 'price': '63489.6', 'size': '0.070', 'side': 'sell', 'tradeId': '1168265239192645634'}, {'ts': '1714262058961', 'price': '63489.7', 'size': '0.018', 'side': 'buy', 'tradeId': '1168265238949376045'}, {'ts': '1714262056901', 'price': '63489.7', 'size': '0.050', 'side': 'sell', 'tradeId': '1168265230309109761'}, {'ts': '1714262055833', 'price': '63486.8', 'size': '0.001', 'side': 'sell', 'tradeId': '1168265225829593091'}, {'ts': '1714262055606', 'price': '63491.1', 'size': '0.119', 'side': 'sell', 'tradeId': '1168265224877486162'}, {'ts': '1714262055606', 'price': '63492.5', 'size': '0.854', 'side': 'sell', 'tradeId': '1168265224877486160'}, {'ts': '1714262055106', 'price': '63492.6', 'size': '0.009', 'side': 'sell', 'tradeId': '1168265222780334084'}, {'ts': '1714262055106', 'price': '63492.6', 'size': '0.003', 'side': 'sell', 'tradeId': '1168265222780334081'}, {'ts': '1714262054883', 'price': '63495.0', 'size': '42.586', 'side': 'buy', 'tradeId': '1168265221845004289'}, {'ts': '1714262054494', 'price': '63492.5', 'size': '0.124', 'side': 'sell', 'tradeId': '1168265220213420033'}, {'ts': '1714262051555', 'price': '63495.7', 'size': '0.017', 'side': 'buy', 'tradeId': '1168265207886360577'}, {'ts': '1714262051442', 'price': '63495.7', 'size': '0.012', 'side': 'buy', 'tradeId': '1168265207412404225'}, {'ts': '1714262051436', 'price': '63495.7', 'size': '0.471', 'side': 'buy', 'tradeId': '1168265207387238401'}, {'ts': '1714262050705', 'price': '63495.6', 'size': '0.036', 'side': 'sell', 'tradeId': '1168265204321202178'}, {'ts': '1714262050155', 'price': '63495.6', 'size': '0.010', 'side': 'sell', 'tradeId': '1168265202014334976'}, {'ts': '1714262049862', 'price': '63495.7', 'size': '0.100', 'side': 'buy', 'tradeId': '1168265200785403905'}, {'ts': '1714262049090', 'price': '63495.6', 'size': '0.030', 'side': 'sell', 'tradeId': '1168265197547401217'}, {'ts': '1714262048268', 'price': '63495.7', 'size': '0.004', 'side': 'buy', 'tradeId': '1168265194099683360'}, {'ts': '1714262046947', 'price': '63495.7', 'size': '0.002', 'side': 'buy', 'tradeId': '1168265188559007745'}, {'ts': '1714262046797', 'price': '63490.0', 'size': '0.001', 'side': 'sell', 'tradeId': '1168265187929862145'}, {'ts': '1714262045883', 'price': '63490.0', 'size': '0.001', 'side': 'sell', 'tradeId': '1168265184096268289'}, {'ts': '1714262045774', 'price': '63497.5', 'size': '0.066', 'side': 'sell', 'tradeId': '1168265183639089232'}, {'ts': '1714262045735', 'price': '63500.0', 'size': '0.033', 'side': 'sell', 'tradeId': '1168265183475511381'}, {'ts': '1714262045539', 'price': '63502.1', 'size': '0.879', 'side': 'sell', 'tradeId': '1168265182653427714'}, {'ts': '1714262045386', 'price': '63502.1', 'size': '0.080', 'side': 'sell', 'tradeId': '1168265182011699201'}, {'ts': '1714262043824', 'price': '63502.1', 'size': '0.010', 'side': 'sell', 'tradeId': '1168265175460196353'}, {'ts': '1714262043777', 'price': '63504.5', 'size': '30.869', 'side': 'sell', 'tradeId': '1168265175263064065'}, {'ts': '1714262041787', 'price': '63507.7', 'size': '0.001', 'side': 'buy', 'tradeId': '1168265166916399105'}, {'ts': '1714262041395', 'price': '63507.8', 'size': '0.212', 'side': 'buy', 'tradeId': '1168265165272231953'}, {'ts': '1714262041395', 'price': '63507.8', 'size': '2.000', 'side': 'buy', 'tradeId': '1168265165272231951'}, {'ts': '1714262041395', 'price': '63507.7', 'size': '0.600', 'side': 'buy', 'tradeId': '1168265165272231949'}, {'ts': '1714262041395', 'price': '63507.7', 'size': '0.223', 'side': 'buy', 'tradeId': '1168265165272231947'}, {'ts': '1714262041395', 'price': '63505.0', 'size': '0.006', 'side': 'buy', 'tradeId': '1168265165272231945'}, {'ts': '1714262041395', 'price': '63504.9', 'size': '0.072', 'side': 'buy', 'tradeId': '1168265165272231942'}, {'ts': '1714262041395', 'price': '63503.4', 'size': '0.154', 'side': 'buy', 'tradeId': '1168265165272231940'}, {'ts': '1714262041395', 'price': '63503.4', 'size': '0.620', 'side': 'buy', 'tradeId': '1168265165272231937'}, {'ts': '1714262040608', 'price': '63503.4', 'size': '0.022', 'side': 'sell', 'tradeId': '1168265161971314689'}, {'ts': '1714262039966', 'price': '63508.8', 'size': '0.007', 'side': 'buy', 'tradeId': '1168265159278571523'}, {'ts': '1714262039966', 'price': '63508.7', 'size': '0.003', 'side': 'buy', 'tradeId': '1168265159278571521'}, {'ts': '1714262039623', 'price': '63508.9', 'size': '0.054', 'side': 'buy', 'tradeId': '1168265157839925249'}, {'ts': '1714262038359', 'price': '63508.8', 'size': '0.009', 'side': 'sell', 'tradeId': '1168265152538324993'}, {'ts': '1714262037189', 'price': '63508.7', 'size': '0.010', 'side': 'sell', 'tradeId': '1168265147630989313'}, {'ts': '1714262036391', 'price': '63508.8', 'size': '0.043', 'side': 'buy', 'tradeId': '1168265144283934721'}, {'ts': '1714262036047', 'price': '63508.6', 'size': '0.301', 'side': 'sell', 'tradeId': '1168265142841094155'}, {'ts': '1714262036047', 'price': '63508.6', 'size': '0.015', 'side': 'sell', 'tradeId': '1168265142841094153'}, {'ts': '1714262036047', 'price': '63508.6', 'size': '0.024', 'side': 'sell', 'tradeId': '1168265142841094151'}, {'ts': '1714262036047', 'price': '63508.6', 'size': '0.070', 'side': 'sell', 'tradeId': '1168265142841094149'}, {'ts': '1714262036047', 'price': '63508.6', 'size': '0.020', 'side': 'sell', 'tradeId': '1168265142841094147'}, {'ts': '1714262036047', 'price': '63508.6', 'size': '0.070', 'side': 'sell', 'tradeId': '1168265142841094145'}, {'ts': '1714262035997', 'price': '63508.7', 'size': '0.050', 'side': 'buy', 'tradeId': '1168265142631378946'}, {'ts': '1714262035492', 'price': '63508.7', 'size': '0.006', 'side': 'buy', 'tradeId': '1168265140513255425'}, {'ts': '1714262035241', 'price': '63504.4', 'size': '0.034', 'side': 'buy', 'tradeId': '1168265139460485124'}, {'ts': '1714262035241', 'price': '63503.5', 'size': '0.002', 'side': 'buy', 'tradeId': '1168265139460485121'}, {'ts': '1714262035180', 'price': '63503.5', 'size': '0.038', 'side': 'buy', 'tradeId': '1168265139204632577'}, {'ts': '1714262034543', 'price': '63504.4', 'size': '0.001', 'side': 'buy', 'tradeId': '1168265136532860929'}, {'ts': '1714262034194', 'price': '63504.4', 'size': '0.030', 'side': 'buy', 'tradeId': '1168265135069048833'}, {'ts': '1714262033994', 'price': '63503.3', 'size': '0.040', 'side': 'buy', 'tradeId': '1168265134230188033'}, {'ts': '1714262033097', 'price': '63504.3', 'size': '0.003', 'side': 'sell', 'tradeId': '1168265130467897345'}, {'ts': '1714262032571', 'price': '63512.0', 'size': '0.001', 'side': 'buy', 'tradeId': '1168265128261693441'}, {'ts': '1714262032500', 'price': '63512.0', 'size': '0.001', 'side': 'buy', 'tradeId': '1168265127963897857'}, {'ts': '1714262032188', 'price': '63511.9', 'size': '22.402', 'side': 'sell', 'tradeId': '1168265126655275009'}, {'ts': '1714262032029', 'price': '63511.9', 'size': '0.005', 'side': 'sell', 'tradeId': '1168265125988380673'}, {'ts': '1714262031981', 'price': '63512.0', 'size': '0.175', 'side': 'buy', 'tradeId': '1168265125787054082'}, {'ts': '1714262031370', 'price': '63511.9', 'size': '0.043', 'side': 'sell', 'tradeId': '1168265123224334337'}, {'ts': '1714262031077', 'price': '63512.0', 'size': '0.004', 'side': 'buy', 'tradeId': '1168265121995403265'}, {'ts': '1714262030953', 'price': '63512.0', 'size': '0.106', 'side': 'buy', 'tradeId': '1168265121475309569'}, {'ts': '1714262030517', 'price': '63512.0', 'size': '0.300', 'side': 'buy', 'tradeId': '1168265119646593025'}, {'ts': '1714262030111', 'price': '63511.8', 'size': '0.014', 'side': 'buy', 'tradeId': '1168265117943705601'}, {'ts': '1714262030106', 'price': '63511.8', 'size': '0.002', 'side': 'buy', 'tradeId': '1168265117922734127'}, {'ts': '1714262030102', 'price': '63511.8', 'size': '0.004', 'side': 'buy', 'tradeId': '1168265117905956865'}, {'ts': '1714262030067', 'price': '63511.8', 'size': '0.250', 'side': 'buy', 'tradeId': '1168265117759156225'}, {'ts': '1714262030020', 'price': '63511.7', 'size': '0.003', 'side': 'sell', 'tradeId': '1168265117562023937'}, {'ts': '1714262029917', 'price': '63511.8', 'size': '0.043', 'side': 'buy', 'tradeId': '1168265117130010629'}, {'ts': '1714262029917', 'price': '63511.8', 'size': '0.099', 'side': 'buy', 'tradeId': '1168265117130010625'}, {'ts': '1714262029914', 'price': '63511.8', 'size': '0.010', 'side': 'buy', 'tradeId': '1168265117117427713'}, {'ts': '1714262029912', 'price': '63507.3', 'size': '0.151', 'side': 'sell', 'tradeId': '1168265117109039172'}, {'ts': '1714262029912', 'price': '63507.3', 'size': '0.368', 'side': 'sell', 'tradeId': '1168265117109039170'}, {'ts': '1714262029912', 'price': '63511.8', 'size': '0.086', 'side': 'buy', 'tradeId': '1168265117109039166'}, {'ts': '1714262029910', 'price': '63511.8', 'size': '0.037', 'side': 'buy', 'tradeId': '1168265117100650497'}, {'ts': '1714262029908', 'price': '63511.8', 'size': '0.009', 'side': 'buy', 'tradeId': '1168265117092261890'}, {'ts': '1714262029902', 'price': '63511.8', 'size': '0.082', 'side': 'buy', 'tradeId': '1168265117067096072'}, {'ts': '1714262029902', 'price': '63511.8', 'size': '0.018', 'side': 'buy', 'tradeId': '1168265117067096066'}, {'ts': '1714262029898', 'price': '63511.8', 'size': '0.006', 'side': 'buy', 'tradeId': '1168265117050318849'}, {'ts': '1714262029856', 'price': '63506.1', 'size': '0.043', 'side': 'sell', 'tradeId': '1168265116874158087'}, {'ts': '1714262029856', 'price': '63506.1', 'size': '0.195', 'side': 'sell', 'tradeId': '1168265116874158081'}, {'ts': '1714262029854', 'price': '63506.1', 'size': '0.007', 'side': 'sell', 'tradeId': '1168265116865769475'}, {'ts': '1714262029846', 'price': '63506.1', 'size': '0.005', 'side': 'sell', 'tradeId': '1168265116832215041'}, {'ts': '1714262029838', 'price': '63511.8', 'size': '0.546', 'side': 'buy', 'tradeId': '1168265116798660611'}, {'ts': '1714262029837', 'price': '63511.8', 'size': '0.047', 'side': 'buy', 'tradeId': '1168265116794466312'}, {'ts': '1714262029837', 'price': '63511.8', 'size': '0.010', 'side': 'buy', 'tradeId': '1168265116794466310'}, {'ts': '1714262029837', 'price': '63511.8', 'size': '0.379', 'side': 'buy', 'tradeId': '1168265116794466306'}, {'ts': '1714262029807', 'price': '63506.1', 'size': '0.295', 'side': 'sell', 'tradeId': '1168265116668637189'}, {'ts': '1714262029807', 'price': '63511.8', 'size': '0.209', 'side': 'buy', 'tradeId': '1168265116668637185'}, {'ts': '1714262029806', 'price': '63511.8', 'size': '0.745', 'side': 'buy', 'tradeId': '1168265116664442881'}, {'ts': '1714262029802', 'price': '63511.8', 'size': '0.034', 'side': 'buy', 'tradeId': '1168265116647665665'}, {'ts': '1714262029798', 'price': '63511.8', 'size': '0.062', 'side': 'buy', 'tradeId': '1168265116630888452'}, {'ts': '1714262029794', 'price': '63506.1', 'size': '1.540', 'side': 'sell', 'tradeId': '1168265116614111234'}, {'ts': '1714262029793', 'price': '63511.8', 'size': '0.101', 'side': 'buy', 'tradeId': '1168265116609916946'}, {'ts': '1714262029793', 'price': '63511.5', 'size': '0.003', 'side': 'buy', 'tradeId': '1168265116609916943'}, {'ts': '1714262029793', 'price': '63511.0', 'size': '0.077', 'side': 'buy', 'tradeId': '1168265116609916941'}, {'ts': '1714262029793', 'price': '63511.0', 'size': '0.020', 'side': 'buy', 'tradeId': '1168265116609916939'}, {'ts': '1714262029793', 'price': '63510.6', 'size': '0.001', 'side': 'buy', 'tradeId': '1168265116609916936'}, {'ts': '1714262029793', 'price': '63510.3', 'size': '0.054', 'side': 'buy', 'tradeId': '1168265116609916934'}, {'ts': '1714262029793', 'price': '63510.3', 'size': '0.005', 'side': 'buy', 'tradeId': '1168265116609916930'}, {'ts': '1714262029792', 'price': '63506.1', 'size': '0.010', 'side': 'sell', 'tradeId': '1168265116605722636'}, {'ts': '1714262029792', 'price': '63506.1', 'size': '0.028', 'side': 'sell', 'tradeId': '1168265116605722631'}, {'ts': '1714262029792', 'price': '63510.3', 'size': '0.020', 'side': 'buy', 'tradeId': '1168265116605722625'}, {'ts': '1714262029791', 'price': '63506.1', 'size': '0.182', 'side': 'sell', 'tradeId': '1168265116601528326'}, {'ts': '1714262029790', 'price': '63510.3', 'size': '0.009', 'side': 'buy', 'tradeId': '1168265116597334028'}, {'ts': '1714262029790', 'price': '63510.3', 'size': '0.003', 'side': 'buy', 'tradeId': '1168265116597334023'}, {'ts': '1714262029790', 'price': '63506.1', 'size': '0.016', 'side': 'sell', 'tradeId': '1168265116597334017'}, {'ts': '1714262029785', 'price': '63510.3', 'size': '0.007', 'side': 'buy', 'tradeId': '1168265116576362498'}, {'ts': '1714262029785', 'price': '63510.0', 'size': '0.001', 'side': 'buy', 'tradeId': '1168265116576362496'}, {'ts': '1714262029784', 'price': '63510.0', 'size': '0.001', 'side': 'buy', 'tradeId': '1168265116572168196'}, {'ts': '1714262029784', 'price': '63507.9', 'size': '0.001', 'side': 'buy', 'tradeId': '1168265116572168194'}, {'ts': '1714262029780', 'price': '63507.4', 'size': '0.059', 'side': 'buy', 'tradeId': '1168265116555390979'}, {'ts': '1714262029779', 'price': '63507.4', 'size': '0.035', 'side': 'buy', 'tradeId': '1168265116551196677'}, {'ts': '1714262029779', 'price': '63507.4', 'size': '0.003', 'side': 'buy', 'tradeId': '1168265116551196673'}, {'ts': '1714262029778', 'price': '63503.2', 'size': '0.001', 'side': 'sell', 'tradeId': '1168265116547002382'}, {'ts': '1714262029778', 'price': '63503.2', 'size': '0.190', 'side': 'sell', 'tradeId': '1168265116547002377'}, {'ts': '1714262029778', 'price': '63507.4', 'size': '0.005', 'side': 'buy', 'tradeId': '1168265116547002373'}, {'ts': '1714262029778', 'price': '63507.4', 'size': '0.168', 'side': 'buy', 'tradeId': '1168265116547002369'}, {'ts': '1714262029777', 'price': '63507.4', 'size': '0.454', 'side': 'buy', 'tradeId': '1168265116542808067'}, {'ts': '1714262029776', 'price': '63507.4', 'size': '0.125', 'side': 'buy', 'tradeId': '1168265116538613761'}, {'ts': '1714262029746', 'price': '63503.2', 'size': '0.001', 'side': 'sell', 'tradeId': '1168265116412784641'}, {'ts': '1714262029742', 'price': '63507.4', 'size': '0.023', 'side': 'buy', 'tradeId': '1168265116396007426'}, {'ts': '1714262029739', 'price': '63503.2', 'size': '0.001', 'side': 'sell', 'tradeId': '1168265116383424513'}, {'ts': '1714262029738', 'price': '63503.2', 'size': '0.037', 'side': 'sell', 'tradeId': '1168265116379230216'}, {'ts': '1714262029738', 'price': '63503.2', 'size': '0.163', 'side': 'sell', 'tradeId': '1168265116379230212'}, {'ts': '1714262029737', 'price': '63507.4', 'size': '0.001', 'side': 'buy', 'tradeId': '1168265116375035910'}, {'ts': '1714262029734', 'price': '63503.2', 'size': '0.057', 'side': 'sell', 'tradeId': '1168265116362453000'}, {'ts': '1714262029734', 'price': '63507.4', 'size': '0.010', 'side': 'buy', 'tradeId': '1168265116362452996'}, {'ts': '1714262029734', 'price': '63507.4', 'size': '0.061', 'side': 'buy', 'tradeId': '1168265116362452992'}, {'ts': '1714262029733', 'price': '63503.2', 'size': '0.004', 'side': 'sell', 'tradeId': '1168265116358258690'}, {'ts': '1714262029732', 'price': '63503.2', 'size': '0.010', 'side': 'sell', 'tradeId': '1168265116354064390'}, {'ts': '1714262029732', 'price': '63503.2', 'size': '0.022', 'side': 'sell', 'tradeId': '1168265116354064385'}, {'ts': '1714262029730', 'price': '63507.4', 'size': '0.009', 'side': 'buy', 'tradeId': '1168265116345675857'}, {'ts': '1714262029730', 'price': '63506.4', 'size': '0.005', 'side': 'buy', 'tradeId': '1168265116345675855'}, {'ts': '1714262029730', 'price': '63505.9', 'size': '0.002', 'side': 'buy', 'tradeId': '1168265116345675853'}, {'ts': '1714262029730', 'price': '63505.1', 'size': '0.001', 'side': 'buy', 'tradeId': '1168265116345675851'}, {'ts': '1714262029730', 'price': '63505.1', 'size': '0.001', 'side': 'buy', 'tradeId': '1168265116345675849'}, {'ts': '1714262029730', 'price': '63505.0', 'size': '0.002', 'side': 'buy', 'tradeId': '1168265116345675847'}, {'ts': '1714262029729', 'price': '63502.6', 'size': '0.014', 'side': 'buy', 'tradeId': '1168265116341481480'}, {'ts': '1714262029729', 'price': '63500.8', 'size': '0.001', 'side': 'buy', 'tradeId': '1168265116341481478'}, {'ts': '1714262029625', 'price': '63500.0', 'size': '0.017', 'side': 'buy', 'tradeId': '1168265115905274084'}, {'ts': '1714262029625', 'price': '63500.0', 'size': '0.005', 'side': 'buy', 'tradeId': '1168265115905274081'}, {'ts': '1714262029625', 'price': '63500.0', 'size': '0.050', 'side': 'buy', 'tradeId': '1168265115905274078'}, {'ts': '1714262029625', 'price': '63500.0', 'size': '0.020', 'side': 'buy', 'tradeId': '1168265115905274076'}, {'ts': '1714262029625', 'price': '63500.0', 'size': '0.009', 'side': 'buy', 'tradeId': '1168265115905274073'}, {'ts': '1714262029625', 'price': '63500.0', 'size': '0.003', 'side': 'buy', 'tradeId': '1168265115905274071'}, {'ts': '1714262029625', 'price': '63500.0', 'size': '0.050', 'side': 'buy', 'tradeId': '1168265115905274069'}, {'ts': '1714262029625', 'price': '63500.0', 'size': '0.151', 'side': 'buy', 'tradeId': '1168265115905274067'}, {'ts': '1714262029625', 'price': '63500.0', 'size': '0.005', 'side': 'buy', 'tradeId': '1168265115905274065'}, {'ts': '1714262029625', 'price': '63500.0', 'size': '0.001', 'side': 'buy', 'tradeId': '1168265115905274063'}, {'ts': '1714262029625', 'price': '63500.0', 'size': '0.050', 'side': 'buy', 'tradeId': '1168265115905274061'}, {'ts': '1714262029625', 'price': '63500.0', 'size': '0.009', 'side': 'buy', 'tradeId': '1168265115905274059'}, {'ts': '1714262029625', 'price': '63500.0', 'size': '0.184', 'side': 'buy', 'tradeId': '1168265115905274057'}, {'ts': '1714262029625', 'price': '63500.0', 'size': '0.015', 'side': 'buy', 'tradeId': '1168265115905274055'}, {'ts': '1714262029625', 'price': '63500.0', 'size': '0.007', 'side': 'buy', 'tradeId': '1168265115905274053'}, {'ts': '1714262029625', 'price': '63500.0', 'size': '0.100', 'side': 'buy', 'tradeId': '1168265115905274051'}, {'ts': '1714262029625', 'price': '63500.0', 'size': '0.151', 'side': 'buy', 'tradeId': '1168265115905274049'}, {'ts': '1714262029625', 'price': '63500.0', 'size': '0.020', 'side': 'buy', 'tradeId': '1168265115905274046'}, {'ts': '1714262029625', 'price': '63500.0', 'size': '0.076', 'side': 'buy', 'tradeId': '1168265115905274043'}, {'ts': '1714262029625', 'price': '63500.0', 'size': '0.002', 'side': 'buy', 'tradeId': '1168265115905274041'}, {'ts': '1714262029625', 'price': '63500.0', 'size': '0.100', 'side': 'buy', 'tradeId': '1168265115905274039'}, {'ts': '1714262029625', 'price': '63500.0', 'size': '0.017', 'side': 'buy', 'tradeId': '1168265115905274037'}, {'ts': '1714262029625', 'price': '63500.0', 'size': '0.200', 'side': 'buy', 'tradeId': '1168265115905274035'}, {'ts': '1714262029625', 'price': '63500.0', 'size': '0.050', 'side': 'buy', 'tradeId': '1168265115905274033'}, {'ts': '1714262029625', 'price': '63500.0', 'size': '0.027', 'side': 'buy', 'tradeId': '1168265115905274031'}, {'ts': '1714262029625', 'price': '63500.0', 'size': '5.000', 'side': 'buy', 'tradeId': '1168265115905274029'}, {'ts': '1714262029625', 'price': '63500.0', 'size': '0.155', 'side': 'buy', 'tradeId': '1168265115905274027'}, {'ts': '1714262029625', 'price': '63500.0', 'size': '0.001', 'side': 'buy', 'tradeId': '1168265115905274025'}, {'ts': '1714262029625', 'price': '63500.0', 'size': '0.159', 'side': 'buy', 'tradeId': '1168265115905274022'}, {'ts': '1714262029625', 'price': '63500.0', 'size': '0.032', 'side': 'buy', 'tradeId': '1168265115905274019'}, {'ts': '1714262029625', 'price': '63500.0', 'size': '0.003', 'side': 'buy', 'tradeId': '1168265115905274016'}, {'ts': '1714262029625', 'price': '63500.0', 'size': '0.008', 'side': 'buy', 'tradeId': '1168265115905274014'}, {'ts': '1714262029625', 'price': '63500.0', 'size': '0.100', 'side': 'buy', 'tradeId': '1168265115905274012'}, {'ts': '1714262029625', 'price': '63500.0', 'size': '0.100', 'side': 'buy', 'tradeId': '1168265115905274010'}, {'ts': '1714262029625', 'price': '63500.0', 'size': '0.002', 'side': 'buy', 'tradeId': '1168265115905274008'}, {'ts': '1714262029625', 'price': '63500.0', 'size': '0.007', 'side': 'buy', 'tradeId': '1168265115905274005'}, {'ts': '1714262029625', 'price': '63500.0', 'size': '0.181', 'side': 'buy', 'tradeId': '1168265115905274002'}, {'ts': '1714262029625', 'price': '63500.0', 'size': '0.002', 'side': 'buy', 'tradeId': '1168265115905273999'}, {'ts': '1714262029625', 'price': '63500.0', 'size': '0.007', 'side': 'buy', 'tradeId': '1168265115905273997'}, {'ts': '1714262029625', 'price': '63500.0', 'size': '0.143', 'side': 'buy', 'tradeId': '1168265115905273994'}, {'ts': '1714262029625', 'price': '63500.0', 'size': '0.001', 'side': 'buy', 'tradeId': '1168265115905273991'}, {'ts': '1714262029625', 'price': '63500.0', 'size': '0.444', 'side': 'buy', 'tradeId': '1168265115905273989'}, {'ts': '1714262029625', 'price': '63500.0', 'size': '0.022', 'side': 'buy', 'tradeId': '1168265115905273987'}, {'ts': '1714262029625', 'price': '63500.0', 'size': '0.005', 'side': 'buy', 'tradeId': '1168265115905273984'}, {'ts': '1714262029625', 'price': '63500.0', 'size': '0.010', 'side': 'buy', 'tradeId': '1168265115905273982'}, {'ts': '1714262029625', 'price': '63500.0', 'size': '0.003', 'side': 'buy', 'tradeId': '1168265115905273980'}, {'ts': '1714262029625', 'price': '63500.0', 'size': '0.003', 'side': 'buy', 'tradeId': '1168265115905273977'}, {'ts': '1714262029625', 'price': '63500.0', 'size': '0.046', 'side': 'buy', 'tradeId': '1168265115905273975'}, {'ts': '1714262029625', 'price': '63500.0', 'size': '0.005', 'side': 'buy', 'tradeId': '1168265115905273973'}, {'ts': '1714262029625', 'price': '63500.0', 'size': '0.007', 'side': 'buy', 'tradeId': '1168265115905273971'}, {'ts': '1714262029625', 'price': '63500.0', 'size': '0.020', 'side': 'buy', 'tradeId': '1168265115905273969'}, {'ts': '1714262029625', 'price': '63500.0', 'size': '0.001', 'side': 'buy', 'tradeId': '1168265115905273967'}, {'ts': '1714262029625', 'price': '63500.0', 'size': '0.001', 'side': 'buy', 'tradeId': '1168265115905273965'}, {'ts': '1714262029625', 'price': '63500.0', 'size': '0.003', 'side': 'buy', 'tradeId': '1168265115905273963'}, {'ts': '1714262029625', 'price': '63500.0', 'size': '0.001', 'side': 'buy', 'tradeId': '1168265115905273961'}, {'ts': '1714262029625', 'price': '63500.0', 'size': '0.001', 'side': 'buy', 'tradeId': '1168265115905273959'}, {'ts': '1714262029625', 'price': '63500.0', 'size': '0.002', 'side': 'buy', 'tradeId': '1168265115905273957'}, {'ts': '1714262029625', 'price': '63500.0', 'size': '0.006', 'side': 'buy', 'tradeId': '1168265115905273955'}, {'ts': '1714262029625', 'price': '63500.0', 'size': '0.001', 'side': 'buy', 'tradeId': '1168265115905273953'}, {'ts': '1714262029625', 'price': '63500.0', 'size': '0.001', 'side': 'buy', 'tradeId': '1168265115905273951'}, {'ts': '1714262029625', 'price': '63500.0', 'size': '0.001', 'side': 'buy', 'tradeId': '1168265115905273949'}, {'ts': '1714262029625', 'price': '63500.0', 'size': '0.004', 'side': 'buy', 'tradeId': '1168265115905273947'}, {'ts': '1714262029625', 'price': '63500.0', 'size': '0.004', 'side': 'buy', 'tradeId': '1168265115905273945'}, {'ts': '1714262029625', 'price': '63500.0', 'size': '0.032', 'side': 'buy', 'tradeId': '1168265115905273943'}, {'ts': '1714262029625', 'price': '63500.0', 'size': '0.001', 'side': 'buy', 'tradeId': '1168265115905273941'}, {'ts': '1714262029625', 'price': '63500.0', 'size': '0.001', 'side': 'buy', 'tradeId': '1168265115905273939'}, {'ts': '1714262029625', 'price': '63500.0', 'size': '0.001', 'side': 'buy', 'tradeId': '1168265115905273937'}, {'ts': '1714262029625', 'price': '63500.0', 'size': '0.013', 'side': 'buy', 'tradeId': '1168265115905273935'}, {'ts': '1714262029625', 'price': '63500.0', 'size': '0.069', 'side': 'buy', 'tradeId': '1168265115905273933'}, {'ts': '1714262029625', 'price': '63500.0', 'size': '0.001', 'side': 'buy', 'tradeId': '1168265115905273931'}, {'ts': '1714262029625', 'price': '63500.0', 'size': '0.001', 'side': 'buy', 'tradeId': '1168265115905273929'}, {'ts': '1714262029625', 'price': '63500.0', 'size': '0.001', 'side': 'buy', 'tradeId': '1168265115905273927'}, {'ts': '1714262029625', 'price': '63500.0', 'size': '0.001', 'side': 'buy', 'tradeId': '1168265115905273925'}, {'ts': '1714262029625', 'price': '63500.0', 'size': '0.001', 'side': 'buy', 'tradeId': '1168265115905273923'}, {'ts': '1714262029625', 'price': '63500.0', 'size': '0.002', 'side': 'buy', 'tradeId': '1168265115905273921'}, {'ts': '1714262029625', 'price': '63500.0', 'size': '0.001', 'side': 'buy', 'tradeId': '1168265115905273919'}, {'ts': '1714262029625', 'price': '63500.0', 'size': '0.001', 'side': 'buy', 'tradeId': '1168265115905273917'}, {'ts': '1714262029625', 'price': '63500.0', 'size': '0.001', 'side': 'buy', 'tradeId': '1168265115905273915'}, {'ts': '1714262029625', 'price': '63500.0', 'size': '0.001', 'side': 'buy', 'tradeId': '1168265115905273913'}, {'ts': '1714262029625', 'price': '63500.0', 'size': '0.001', 'side': 'buy', 'tradeId': '1168265115905273911'}, {'ts': '1714262029625', 'price': '63500.0', 'size': '0.001', 'side': 'buy', 'tradeId': '1168265115905273909'}, {'ts': '1714262029625', 'price': '63500.0', 'size': '0.001', 'side': 'buy', 'tradeId': '1168265115905273907'}, {'ts': '1714262029625', 'price': '63500.0', 'size': '0.007', 'side': 'buy', 'tradeId': '1168265115905273905'}, {'ts': '1714262029625', 'price': '63500.0', 'size': '0.002', 'side': 'buy', 'tradeId': '1168265115905273903'}, {'ts': '1714262029625', 'price': '63500.0', 'size': '0.016', 'side': 'buy', 'tradeId': '1168265115905273901'}, {'ts': '1714262029625', 'price': '63499.9', 'size': '0.006', 'side': 'buy', 'tradeId': '1168265115905273899'}, {'ts': '1714262029625', 'price': '63499.9', 'size': '0.001', 'side': 'buy', 'tradeId': '1168265115905273897'}, {'ts': '1714262029625', 'price': '63499.8', 'size': '0.002', 'side': 'buy', 'tradeId': '1168265115905273895'}, {'ts': '1714262029625', 'price': '63499.8', 'size': '0.002', 'side': 'buy', 'tradeId': '1168265115905273893'}, {'ts': '1714262029625', 'price': '63499.7', 'size': '0.001', 'side': 'buy', 'tradeId': '1168265115905273891'}, {'ts': '1714262029625', 'price': '63499.7', 'size': '0.001', 'side': 'buy', 'tradeId': '1168265115905273889'}, {'ts': '1714262029625', 'price': '63499.7', 'size': '0.003', 'side': 'buy', 'tradeId': '1168265115905273887'}, {'ts': '1714262029625', 'price': '63499.6', 'size': '0.001', 'side': 'buy', 'tradeId': '1168265115905273885'}, {'ts': '1714262029625', 'price': '63499.6', 'size': '0.006', 'side': 'buy', 'tradeId': '1168265115905273883'}, {'ts': '1714262029625', 'price': '63499.4', 'size': '0.007', 'side': 'buy', 'tradeId': '1168265115905273881'}, {'ts': '1714262029625', 'price': '63499.3', 'size': '0.001', 'side': 'buy', 'tradeId': '1168265115905273879'}, {'ts': '1714262029625', 'price': '63499.3', 'size': '0.001', 'side': 'buy', 'tradeId': '1168265115905273877'}, {'ts': '1714262029625', 'price': '63499.0', 'size': '0.001', 'side': 'buy', 'tradeId': '1168265115905273874'}, {'ts': '1714262029625', 'price': '63499.0', 'size': '0.040', 'side': 'buy', 'tradeId': '1168265115905273872'}, {'ts': '1714262029625', 'price': '63498.7', 'size': '0.010', 'side': 'buy', 'tradeId': '1168265115905273870'}, {'ts': '1714262029625', 'price': '63498.4', 'size': '0.022', 'side': 'buy', 'tradeId': '1168265115905273868'}, {'ts': '1714262029625', 'price': '63498.1', 'size': '0.005', 'side': 'buy', 'tradeId': '1168265115905273865'}, {'ts': '1714262029625', 'price': '63498.0', 'size': '0.002', 'side': 'buy', 'tradeId': '1168265115905273863'}, {'ts': '1714262029625', 'price': '63498.0', 'size': '0.152', 'side': 'buy', 'tradeId': '1168265115905273861'}, {'ts': '1714262029625', 'price': '63498.0', 'size': '0.002', 'side': 'buy', 'tradeId': '1168265115905273858'}, {'ts': '1714262028925', 'price': '63494.4', 'size': '0.045', 'side': 'sell', 'tradeId': '1168265112969261057'}, {'ts': '1714262028918', 'price': '63496.9', 'size': '0.003', 'side': 'buy', 'tradeId': '1168265112939900929'}, {'ts': '1714262028909', 'price': '63496.9', 'size': '0.001', 'side': 'buy', 'tradeId': '1168265112902152193'}, {'ts': '1714262028832', 'price': '63496.9', 'size': '0.092', 'side': 'buy', 'tradeId': '1168265112579190801'}, {'ts': '1714262028832', 'price': '63496.3', 'size': '0.010', 'side': 'buy', 'tradeId': '1168265112579190799'}, {'ts': '1714262028832', 'price': '63496.1', 'size': '0.007', 'side': 'buy', 'tradeId': '1168265112579190797'}, {'ts': '1714262028832', 'price': '63495.4', 'size': '0.010', 'side': 'buy', 'tradeId': '1168265112579190795'}, {'ts': '1714262028832', 'price': '63495.3', 'size': '0.131', 'side': 'buy', 'tradeId': '1168265112579190793'}, {'ts': '1714262028832', 'price': '63495.0', 'size': '0.006', 'side': 'buy', 'tradeId': '1168265112579190791'}, {'ts': '1714262028832', 'price': '63495.0', 'size': '0.020', 'side': 'buy', 'tradeId': '1168265112579190788'}, {'ts': '1714262028832', 'price': '63494.5', 'size': '0.010', 'side': 'buy', 'tradeId': '1168265112579190785'}, {'ts': '1714262027913', 'price': '63494.5', 'size': '0.001', 'side': 'buy', 'tradeId': '1168265108724625411'}, {'ts': '1714262027878', 'price': '63492.1', 'size': '0.015', 'side': 'sell', 'tradeId': '1168265108577824769'}, {'ts': '1714262027863', 'price': '63494.5', 'size': '0.001', 'side': 'buy', 'tradeId': '1168265108514910215'}, {'ts': '1714262027863', 'price': '63494.5', 'size': '0.001', 'side': 'buy', 'tradeId': '1168265108514910213'}, {'ts': '1714262027863', 'price': '63494.5', 'size': '0.002', 'side': 'buy', 'tradeId': '1168265108514910209'}, {'ts': '1714262027859', 'price': '63494.5', 'size': '0.001', 'side': 'buy', 'tradeId': '1168265108498132993'}, {'ts': '1714262027858', 'price': '63494.5', 'size': '0.001', 'side': 'buy', 'tradeId': '1168265108493938693'}, {'ts': '1714262027858', 'price': '63494.5', 'size': '0.001', 'side': 'buy', 'tradeId': '1168265108493938691'}, {'ts': '1714262027858', 'price': '63494.5', 'size': '0.001', 'side': 'buy', 'tradeId': '1168265108493938689'}, {'ts': '1714262027771', 'price': '63494.5', 'size': '0.001', 'side': 'buy', 'tradeId': '1168265108129034245'}, {'ts': '1714262027771', 'price': '63492.3', 'size': '0.002', 'side': 'buy', 'tradeId': '1168265108129034243'}, {'ts': '1714262027771', 'price': '63491.9', 'size': '0.001', 'side': 'buy', 'tradeId': '1168265108129034241'}, {'ts': '1714262027668', 'price': '63491.8', 'size': '0.030', 'side': 'buy', 'tradeId': '1168265107697020936'}, {'ts': '1714262027668', 'price': '63491.2', 'size': '0.016', 'side': 'buy', 'tradeId': '1168265107697020933'}, {'ts': '1714262027536', 'price': '63490.6', 'size': '0.011', 'side': 'buy', 'tradeId': '1168265107143372802'}, {'ts': '1714262023097', 'price': '63491.1', 'size': '0.014', 'side': 'sell', 'tradeId': '1168265088524857347'}, {'ts': '1714262023097', 'price': '63491.1', 'size': '0.003', 'side': 'sell', 'tradeId': '1168265088524857345'}, {'ts': '1714262022003', 'price': '63490.5', 'size': '0.028', 'side': 'sell', 'tradeId': '1168265083936288769'}, {'ts': '1714262021972', 'price': '63490.5', 'size': '0.132', 'side': 'sell', 'tradeId': '1168265083806265344'}, {'ts': '1714262020727', 'price': '63489.8', 'size': '0.011', 'side': 'buy', 'tradeId': '1168265078584356869'}, {'ts': '1714262020727', 'price': '63489.8', 'size': '0.001', 'side': 'buy', 'tradeId': '1168265078584356867'}, {'ts': '1714262020727', 'price': '63488.6', 'size': '0.005', 'side': 'buy', 'tradeId': '1168265078584356865'}, {'ts': '1714262020699', 'price': '63488.6', 'size': '0.002', 'side': 'buy', 'tradeId': '1168265078466916356'}, {'ts': '1714262020699', 'price': '63487.8', 'size': '0.002', 'side': 'buy', 'tradeId': '1168265078466916353'}, {'ts': '1714262020597', 'price': '63487.7', 'size': '56.481', 'side': 'sell', 'tradeId': '1168265078039097345'}, {'ts': '1714262016862', 'price': '63486.8', 'size': '0.048', 'side': 'buy', 'tradeId': '1168265062373371905'}, {'ts': '1714262016466', 'price': '63486.8', 'size': '0.020', 'side': 'buy', 'tradeId': '1168265060712427525'}, {'ts': '1714262016466', 'price': '63482.2', 'size': '0.010', 'side': 'buy', 'tradeId': '1168265060712427523'}, {'ts': '1714262016466', 'price': '63482.1', 'size': '0.026', 'side': 'buy', 'tradeId': '1168265060712427521'}, {'ts': '1714262016110', 'price': '63482.0', 'size': '0.244', 'side': 'sell', 'tradeId': '1168265059219255299'}, {'ts': '1714262016110', 'price': '63482.0', 'size': '0.050', 'side': 'sell', 'tradeId': '1168265059219255297'}, {'ts': '1714262013170', 'price': '63482.1', 'size': '0.044', 'side': 'buy', 'tradeId': '1168265046888001537'}, {'ts': '1714262012908', 'price': '63482.0', 'size': '0.001', 'side': 'sell', 'tradeId': '1168265045789093889'}, {'ts': '1714262012907', 'price': '63482.0', 'size': '0.001', 'side': 'sell', 'tradeId': '1168265045784899595'}, {'ts': '1714262012905', 'price': '63482.0', 'size': '0.001', 'side': 'sell', 'tradeId': '1168265045776510977'}, {'ts': '1714262012904', 'price': '63482.0', 'size': '0.001', 'side': 'sell', 'tradeId': '1168265045772316677'}, {'ts': '1714262012904', 'price': '63482.0', 'size': '0.001', 'side': 'sell', 'tradeId': '1168265045772316673'}, {'ts': '1714262012660', 'price': '63482.0', 'size': '0.005', 'side': 'sell', 'tradeId': '1168265044748906497'}, {'ts': '1714262011275', 'price': '63482.0', 'size': '0.011', 'side': 'sell', 'tradeId': '1168265038939795457'}, {'ts': '1714262010502', 'price': '63482.0', 'size': '28.211', 'side': 'sell', 'tradeId': '1168265035697598465'}, {'ts': '1714262009349', 'price': '63482.0', 'size': '0.015', 'side': 'sell', 'tradeId': '1168265030861565953'}, {'ts': '1714262007760', 'price': '63486.3', 'size': '0.002', 'side': 'buy', 'tradeId': '1168265024196816958'}, {'ts': '1714262007358', 'price': '63486.2', 'size': '0.036', 'side': 'sell', 'tradeId': '1168265022510706689'}, {'ts': '1714262006990', 'price': '63480.2', 'size': '0.065', 'side': 'buy', 'tradeId': '1168265020967202823'}, {'ts': '1714262006990', 'price': '63480.2', 'size': '0.059', 'side': 'buy', 'tradeId': '1168265020967202821'}, {'ts': '1714262006990', 'price': '63480.2', 'size': '0.827', 'side': 'buy', 'tradeId': '1168265020967202819'}, {'ts': '1714262006990', 'price': '63480.2', 'size': '0.796', 'side': 'buy', 'tradeId': '1168265020967202816'}, {'ts': '1714262006989', 'price': '63480.2', 'size': '0.070', 'side': 'buy', 'tradeId': '1168265020963008516'}, {'ts': '1714262003940', 'price': '63482.2', 'size': '21.729', 'side': 'sell', 'tradeId': '1168265008174575617'}, {'ts': '1714262003815', 'price': '63482.2', 'size': '0.056', 'side': 'sell', 'tradeId': '1168265007650287665'}, {'ts': '1714262003159', 'price': '63482.8', 'size': '0.058', 'side': 'buy', 'tradeId': '1168265004898824201'}, {'ts': '1714262003159', 'price': '63482.8', 'size': '0.112', 'side': 'buy', 'tradeId': '1168265004898824199'}, {'ts': '1714262003159', 'price': '63482.8', 'size': '0.040', 'side': 'buy', 'tradeId': '1168265004898824197'}, {'ts': '1714262003159', 'price': '63482.5', 'size': '0.060', 'side': 'buy', 'tradeId': '1168265004898824194'}, {'ts': '1714262000220', 'price': '63482.8', 'size': '0.001', 'side': 'sell', 'tradeId': '1168264992571764737'}, {'ts': '1714261999225', 'price': '63482.8', 'size': '0.016', 'side': 'sell', 'tradeId': '1168264988398432257'}, {'ts': '1714261999065', 'price': '63482.8', 'size': '0.776', 'side': 'sell', 'tradeId': '1168264987727343623'}, {'ts': '1714261999065', 'price': '63484.3', 'size': '0.070', 'side': 'sell', 'tradeId': '1168264987727343621'}, {'ts': '1714261999065', 'price': '63484.3', 'size': '0.551', 'side': 'sell', 'tradeId': '1168264987727343619'}, {'ts': '1714261999065', 'price': '63484.3', 'size': '0.603', 'side': 'sell', 'tradeId': '1168264987727343617'}, {'ts': '1714261998237', 'price': '63484.3', 'size': '0.003', 'side': 'sell', 'tradeId': '1168264984254459905'}, {'ts': '1714261997689', 'price': '63484.3', 'size': '0.002', 'side': 'sell', 'tradeId': '1168264981955981313'}, {'ts': '1714261997352', 'price': '63484.4', 'size': '0.036', 'side': 'buy', 'tradeId': '1168264980542500865'}, {'ts': '1714261996880', 'price': '63484.4', 'size': '0.004', 'side': 'buy', 'tradeId': '1168264978562789377'}, {'ts': '1714261994579', 'price': '63484.3', 'size': '0.006', 'side': 'sell', 'tradeId': '1168264968911695875'}, {'ts': '1714261994579', 'price': '63484.3', 'size': '0.113', 'side': 'sell', 'tradeId': '1168264968911695873'}, {'ts': '1714261994545', 'price': '63484.4', 'size': '0.003', 'side': 'buy', 'tradeId': '1168264968769089540'}, {'ts': '1714261994545', 'price': '63484.4', 'size': '0.774', 'side': 'buy', 'tradeId': '1168264968769089537'}, {'ts': '1714261994149', 'price': '63484.5', 'size': '0.020', 'side': 'buy', 'tradeId': '1168264967108145153'}, {'ts': '1714261993470', 'price': '63484.3', 'size': '0.001', 'side': 'sell', 'tradeId': '1168264964260212737'}, {'ts': '1714261993187', 'price': '63484.3', 'size': '0.437', 'side': 'sell', 'tradeId': '1168264963073224711'}, {'ts': '1714261993187', 'price': '63484.3', 'size': '0.358', 'side': 'sell', 'tradeId': '1168264963073224709'}, {'ts': '1714261993187', 'price': '63484.4', 'size': '0.152', 'side': 'sell', 'tradeId': '1168264963073224706'}, {'ts': '1714261992867', 'price': '63484.5', 'size': '37.269', 'side': 'buy', 'tradeId': '1168264961731047424'}, {'ts': '1714261991777', 'price': '63484.4', 'size': '0.067', 'side': 'sell', 'tradeId': '1168264957159256065'}, {'ts': '1714261991644', 'price': '63484.4', 'size': '0.035', 'side': 'sell', 'tradeId': '1168264956601413633'}, {'ts': '1714261989565', 'price': '63479.7', 'size': '0.057', 'side': 'buy', 'tradeId': '1168264947881455628'}, {'ts': '1714261989565', 'price': '63479.7', 'size': '0.060', 'side': 'buy', 'tradeId': '1168264947881455625'}, {'ts': '1714261989565', 'price': '63479.7', 'size': '0.050', 'side': 'buy', 'tradeId': '1168264947881455622'}, {'ts': '1714261989565', 'price': '63479.7', 'size': '0.070', 'side': 'buy', 'tradeId': '1168264947881455619'}, {'ts': '1714261989417', 'price': '63479.6', 'size': '1.223', 'side': 'sell', 'tradeId': '1168264947260698628'}, {'ts': '1714261989417', 'price': '63484.3', 'size': '0.041', 'side': 'sell', 'tradeId': '1168264947260698625'}, {'ts': '1714261989001', 'price': '63484.3', 'size': '0.001', 'side': 'sell', 'tradeId': '1168264945515868161'}, {'ts': '1714261988575', 'price': '63484.3', 'size': '0.037', 'side': 'sell', 'tradeId': '1168264943729094658'}, {'ts': '1714261986710', 'price': '63484.3', 'size': '0.003', 'side': 'sell', 'tradeId': '1168264935906717697'}, {'ts': '1714261986667', 'price': '63484.3', 'size': '0.012', 'side': 'sell', 'tradeId': '1168264935726362625'}, {'ts': '1714261982513', 'price': '63486.1', 'size': '0.010', 'side': 'buy', 'tradeId': '1168264918303223809'}, {'ts': '1714261982366', 'price': '63486.3', 'size': '0.050', 'side': 'buy', 'tradeId': '1168264917686661121'}, {'ts': '1714261982286', 'price': '63486.1', 'size': '18.964', 'side': 'buy', 'tradeId': '1168264917351116801'}, {'ts': '1714261981525', 'price': '63491.6', 'size': '0.002', 'side': 'buy', 'tradeId': '1168264914159251457'}, {'ts': '1714261981454', 'price': '63491.6', 'size': '0.423', 'side': 'buy', 'tradeId': '1168264913861455875'}, {'ts': '1714261981454', 'price': '63491.5', 'size': '0.065', 'side': 'buy', 'tradeId': '1168264913861455873'}, {'ts': '1714261980760', 'price': '63491.6', 'size': '0.030', 'side': 'buy', 'tradeId': '1168264910950608897'}, {'ts': '1714261980687', 'price': '63491.6', 'size': '0.026', 'side': 'buy', 'tradeId': '1168264910644424715'}, {'ts': '1714261980687', 'price': '63486.4', 'size': '0.001', 'side': 'buy', 'tradeId': '1168264910644424713'}, {'ts': '1714261980687', 'price': '63486.3', 'size': '0.050', 'side': 'buy', 'tradeId': '1168264910644424711'}, {'ts': '1714261980687', 'price': '63486.3', 'size': '0.060', 'side': 'buy', 'tradeId': '1168264910644424709'}, {'ts': '1714261980687', 'price': '63486.3', 'size': '0.084', 'side': 'buy', 'tradeId': '1168264910644424706'}, {'ts': '1714261979775', 'price': '63486.3', 'size': '0.013', 'side': 'buy', 'tradeId': '1168264906819219457'}, {'ts': '1714261978747', 'price': '63486.2', 'size': '0.353', 'side': 'sell', 'tradeId': '1168264902507474945'}, {'ts': '1714261976868', 'price': '63486.2', 'size': '0.351', 'side': 'sell', 'tradeId': '1168264894626377730'}, {'ts': '1714261976240', 'price': '63483.9', 'size': '0.002', 'side': 'buy', 'tradeId': '1168264891992354817'}, {'ts': '1714261975908', 'price': '63482.5', 'size': '0.261', 'side': 'sell', 'tradeId': '1168264890599845912'}, {'ts': '1714261975908', 'price': '63482.5', 'size': '0.050', 'side': 'sell', 'tradeId': '1168264890599845909'}, {'ts': '1714261975908', 'price': '63482.5', 'size': '0.148', 'side': 'sell', 'tradeId': '1168264890599845907'}, {'ts': '1714261975908', 'price': '63483.8', 'size': '0.040', 'side': 'sell', 'tradeId': '1168264890599845904'}, {'ts': '1714261975908', 'price': '63483.8', 'size': '0.060', 'side': 'sell', 'tradeId': '1168264890599845901'}, {'ts': '1714261975908', 'price': '63483.8', 'size': '0.050', 'side': 'sell', 'tradeId': '1168264890599845898'}, {'ts': '1714261975908', 'price': '63483.8', 'size': '0.070', 'side': 'sell', 'tradeId': '1168264890599845895'}, {'ts': '1714261975908', 'price': '63483.8', 'size': '0.060', 'side': 'sell', 'tradeId': '1168264890599845892'}, {'ts': '1714261975908', 'price': '63483.8', 'size': '0.050', 'side': 'sell', 'tradeId': '1168264890599845889'}, {'ts': '1714261974182', 'price': '63482.6', 'size': '0.008', 'side': 'buy', 'tradeId': '1168264883360477246'}, {'ts': '1714261973110', 'price': '63480.1', 'size': '0.010', 'side': 'buy', 'tradeId': '1168264878864183296'}, {'ts': '1714261972360', 'price': '63480.1', 'size': '0.304', 'side': 'buy', 'tradeId': '1168264875718455297'}, {'ts': '1714261972190', 'price': '63480.1', 'size': '43.688', 'side': 'buy', 'tradeId': '1168264875005423617'}, {'ts': '1714261971793', 'price': '63480.1', 'size': '0.052', 'side': 'buy', 'tradeId': '1168264873340284945'}, {'ts': '1714261971573', 'price': '63483.8', 'size': '0.080', 'side': 'sell', 'tradeId': '1168264872417538055'}, {'ts': '1714261971573', 'price': '63484.0', 'size': '0.008', 'side': 'sell', 'tradeId': '1168264872417538053'}, {'ts': '1714261971052', 'price': '63484.4', 'size': '0.016', 'side': 'buy', 'tradeId': '1168264870232305665'}, {'ts': '1714261970319', 'price': '63487.5', 'size': '0.012', 'side': 'buy', 'tradeId': '1168264867157880842'}, {'ts': '1714261970318', 'price': '63484.3', 'size': '0.008', 'side': 'sell', 'tradeId': '1168264867153686596'}, {'ts': '1714261970119', 'price': '63487.6', 'size': '0.058', 'side': 'buy', 'tradeId': '1168264866319020033'}, {'ts': '1714261969456', 'price': '63484.3', 'size': '0.005', 'side': 'sell', 'tradeId': '1168264863538196481'}, {'ts': '1714261968823', 'price': '63486.8', 'size': '0.015', 'side': 'buy', 'tradeId': '1168264860883202049'}, {'ts': '1714261968393', 'price': '63486.8', 'size': '0.036', 'side': 'buy', 'tradeId': '1168264859079651329'}, {'ts': '1714261967609', 'price': '63491.8', 'size': '0.029', 'side': 'buy', 'tradeId': '1168264855791316993'}, {'ts': '1714261967535', 'price': '63486.1', 'size': '0.223', 'side': 'sell', 'tradeId': '1168264855480938503'}, {'ts': '1714261967535', 'price': '63486.2', 'size': '0.123', 'side': 'sell', 'tradeId': '1168264855480938501'}, {'ts': '1714261967535', 'price': '63486.2', 'size': '0.123', 'side': 'sell', 'tradeId': '1168264855480938499'}, {'ts': '1714261967535', 'price': '63486.3', 'size': '0.003', 'side': 'sell', 'tradeId': '1168264855480938497'}, {'ts': '1714261966314', 'price': '63491.8', 'size': '0.066', 'side': 'buy', 'tradeId': '1168264850359693313'}, {'ts': '1714261966219', 'price': '63491.8', 'size': '0.500', 'side': 'buy', 'tradeId': '1168264849961234433'}, {'ts': '1714261965745', 'price': '63491.7', 'size': '0.180', 'side': 'buy', 'tradeId': '1168264847973134345'}, {'ts': '1714261965745', 'price': '63491.7', 'size': '0.003', 'side': 'buy', 'tradeId': '1168264847973134343'}, {'ts': '1714261965745', 'price': '63490.6', 'size': '0.495', 'side': 'buy', 'tradeId': '1168264847973134341'}, {'ts': '1714261965745', 'price': '63490.6', 'size': '0.056', 'side': 'buy', 'tradeId': '1168264847973134337'}, {'ts': '1714261965544', 'price': '63491.8', 'size': '0.363', 'side': 'buy', 'tradeId': '1168264847130079234'}, {'ts': '1714261965543', 'price': '63491.8', 'size': '0.914', 'side': 'buy', 'tradeId': '1168264847125884928'}, {'ts': '1714261965542', 'price': '63486.1', 'size': '0.001', 'side': 'sell', 'tradeId': '1168264847121690625'}, {'ts': '1714261965540', 'price': '63491.8', 'size': '0.004', 'side': 'buy', 'tradeId': '1168264847113302017'}, {'ts': '1714261965538', 'price': '63491.8', 'size': '0.055', 'side': 'buy', 'tradeId': '1168264847104913410'}, {'ts': '1714261965534', 'price': '63486.1', 'size': '0.006', 'side': 'sell', 'tradeId': '1168264847088136194'}, {'ts': '1714261965526', 'price': '63491.8', 'size': '0.014', 'side': 'buy', 'tradeId': '1168264847054581761'}, {'ts': '1714261965522', 'price': '63491.8', 'size': '0.019', 'side': 'buy', 'tradeId': '1168264847037804551'}, {'ts': '1714261965521', 'price': '63491.8', 'size': '0.001', 'side': 'buy', 'tradeId': '1168264847033610262'}, {'ts': '1714261965451', 'price': '63491.8', 'size': '0.003', 'side': 'buy', 'tradeId': '1168264846740008987'}, {'ts': '1714261965451', 'price': '63490.7', 'size': '0.001', 'side': 'buy', 'tradeId': '1168264846740008985'}, {'ts': '1714261965451', 'price': '63490.6', 'size': '0.551', 'side': 'buy', 'tradeId': '1168264846740008983'}, {'ts': '1714261965451', 'price': '63490.0', 'size': '0.001', 'side': 'buy', 'tradeId': '1168264846740008981'}, {'ts': '1714261965451', 'price': '63490.0', 'size': '0.001', 'side': 'buy', 'tradeId': '1168264846740008979'}, {'ts': '1714261965451', 'price': '63489.7', 'size': '0.041', 'side': 'buy', 'tradeId': '1168264846740008977'}, {'ts': '1714261965451', 'price': '63489.2', 'size': '0.001', 'side': 'buy', 'tradeId': '1168264846740008975'}, {'ts': '1714261965451', 'price': '63489.2', 'size': '0.001', 'side': 'buy', 'tradeId': '1168264846740008972'}, {'ts': '1714261964502', 'price': '63486.1', 'size': '0.014', 'side': 'sell', 'tradeId': '1168264842759614465'}, {'ts': '1714261964026', 'price': '63488.6', 'size': '0.003', 'side': 'buy', 'tradeId': '1168264840763125764'}, {'ts': '1714261964026', 'price': '63487.9', 'size': '0.001', 'side': 'buy', 'tradeId': '1168264840763125762'}, {'ts': '1714261963932', 'price': '63488.6', 'size': '0.006', 'side': 'buy', 'tradeId': '1168264840368861197'}, {'ts': '1714261963932', 'price': '63488.6', 'size': '0.013', 'side': 'buy', 'tradeId': '1168264840368861193'}, {'ts': '1714261963932', 'price': '63488.0', 'size': '0.001', 'side': 'buy', 'tradeId': '1168264840368861191'}, {'ts': '1714261963932', 'price': '63488.0', 'size': '0.010', 'side': 'buy', 'tradeId': '1168264840368861189'}, {'ts': '1714261963932', 'price': '63488.0', 'size': '0.001', 'side': 'buy', 'tradeId': '1168264840368861187'}, {'ts': '1714261963932', 'price': '63488.0', 'size': '0.057', 'side': 'buy', 'tradeId': '1168264840368861185'}, {'ts': '1714261963919', 'price': '63488.0', 'size': '0.097', 'side': 'buy', 'tradeId': '1168264840314335234'}, {'ts': '1714261963857', 'price': '63488.0', 'size': '0.096', 'side': 'buy', 'tradeId': '1168264840054288398'}, {'ts': '1714261963857', 'price': '63486.7', 'size': '0.012', 'side': 'buy', 'tradeId': '1168264840054288396'}, {'ts': '1714261963857', 'price': '63485.5', 'size': '0.010', 'side': 'buy', 'tradeId': '1168264840054288394'}, {'ts': '1714261963857', 'price': '63485.2', 'size': '0.094', 'side': 'buy', 'tradeId': '1168264840054288392'}, {'ts': '1714261963857', 'price': '63485.0', 'size': '0.015', 'side': 'buy', 'tradeId': '1168264840054288390'}